% Encoding: UTF-8

% Bibliography database for group-theory related publications.
% reducesymm/bibtex/DasGroup.bib
% $Author: predrag $
% $Date: 2014-10-29 22:41:54 -0400 (Wed, 29 Oct 2014) $
%
% Predrag Cvitanovic			17 Oct 2014
%       included dasgroup/WWW/PUPress/WestburyVogel.bib
% Predrag Cvitanovic			07 Feb 2004
% Anthony D. Kennedy 			27 Jun 2003

@InCollection{Jacobi1841,
  author    = {Jacobi, Carl Gustav Jacob},
  title     = {De functionibus alternantibus earumque divisione per productum e differentiis elementorum conflatum},
  booktitle = {{Collected Works}},
  publisher = {J. Reine Angew. Math. ({Crelle})},
  year      = {1841},
  volume    = {22},
  pages     = {439--452},
  crossref  = {Jacobi1969},
  doi       = {10.1017/cbo9781139567978.016},
}
@InCollection{Schur1901,
  author =	 {Issai Schur},
  title =	 {Uber eine Klasse von Matrizen, die sich einer gegeben Matrix
                  zuordnen lassen},
  booktitle =	 {{Gesammelte Abhandlungen}},
  crossref =	 {Schur73},
  pages =	 {1--71},
}
@InCollection{Schur1927,
  author =	 {Issai Schur},
  title =	 {Uber die rationalen Darstellungen der allgemeinen linearen Gruppe},
  booktitle =	 {{Gesammelte Abhandlungen}},
  crossref =	 {Schur73},
  pages =	 {68--85},
}

@InBook{tHooftVelt73,
  pages       = {177--322},
  title       = {DIAGRAMMAR},
  year        = {1974},
  author      = {{'t Hooft}, G. and Veltman, M.},
  number      = {73/9},
  booktitle   = {{Particle Interactions at Very High Energies}},
  crossref    = {tHooft94},
  doi         = {10.1007/978-1-4684-2826-1_5},
  institution = {CERN},
  url         = {http://www.library.uu.nl/digiarchief/dip/dispute/2002-0718-131954/Diagrammar - 1973.pdf},
}

@Book{Andrews76,
  title     = {{The Theory of Partitions}},
  publisher = {Addison-Wesley},
  year      = {1976},
  author    = {G. E. Andrews},
  series    = {Encyclopedia of Mathematics and its Applications},
}

@Article{Angelop01,
  author  = {E. Angelopoulos},
  title   = {Classification of simple {Lie} algebras},
  journal = {Panamerican Math. Jour.},
  year    = {2001},
  volume  = {2},
  pages   = {65--79},
}

@Misc{Bacher2002,
  author = {R. Bacher and L. Manivel},
  title  = {Hooks and powers of parts in partitions},
  year   = {2001},
  note   = {Submitted to Loth de Comb},
  url    = {http://www.mat.univie.ac.at/~slc/wpapers/s47bachmani.tex/},
}

@Article{Baez_2001,
  author  = {Baez, John C.},
  title   = {The octonions},
  journal = {Bull. Amer. Math. Soc. (N.S.)},
  year    = {2001},
  volume  = {39},
  pages   = {145--205},
  doi     = {10.1090/s0273-0979-01-00934-x},
}

@Article{BarNatan95,
  author       = {D. Bar-Natan},
  title        = {On the {Vassiliev} Knot Invariants},
  year         = {1995},
  volume       = {34},
  pages        = {423--472},
  doi          = {10.1016/0040-9383(95)93237-2},
  journal = {Topology},
}

@Unpublished{BarNatan91,
  author = {D. Bar-Natan},
  title  = {Weights of {Feynman} Diagrams and the {Vassiliev} Knot Invariants},
  note   = {Unpublished preprint},
  year   = {1991},
  url    = {http://www.math.toronto.edu/~drorbn/LOP.html},
}

@Article{barton02,
  author  = {Barton, C. H. and Sudbery, A.},
  title   = {Magic squares and matrix models of {Lie} algebras},
  journal = {Adv. Math.S},
  year    = {2003},
  volume  = {180},
  pages   = {596--647},
  doi     = {10.1016/s0001-8708(03)00015-x},
}

@Article{Bessen98,
  author       = {C. Bessenrodt},
  title        = {On hooks of {Young} diagrams},
  year         = {1998},
  volume       = {2},
  pages        = {103--110},
  note         = {The hook theorem follows directly from Theorem~1.1},
  doi          = {10.1007/bf01608481},
  journal = {Ann. of Comb.},
}

@Book{Boerner70,
  title     = {{Representations of Groups}},
  publisher = {North-Holland},
  year      = {1970},
  author    = {H. Boerner},
  address  = {Amsterdam},
}

@Article{Canning:1978ee,
  author       = {G. P. Canning},
  title        = {Diagrammatic Group Theory In Quark Models},
  year         = {1978},
  volume       = {D18},
  pages        = {395},
  doi          = {10.1103/physrevd.18.395},
  journal = {Phys. Rev.},
}

@Book{Cartan1894,
  title     = {{Oeuvres Completes}},
  publisher = {Gauthier-Villars},
  year      = {1952},
  author    = {E. Cartan},
  address  = {Paris},
}
%  note = {Cartan classification published 1894}

@Article{Cartan1914,
  author  = {E. Cartan},
  journal = {Ann. Sci. Ecole Norm. Sup. Paris},
  year    = {1914},
  volume  = {31},
  pages   = {263},
}

@Article{CM96,
  author       = {Cohen, A. M. and de Man, R.},
  title        = {Computational evidence for {D}eligne's conjecture regarding exceptional {Lie} groups},
  year         = {1996},
  volume       = {322},
  number       = {5},
  pages        = {427--432},
  journal = {C. R. Acad. Sci. Paris S\'er. I Math.},
}

@InProceedings{CM99,
  author    = {Cohen, A. M. and de Man, R.},
  title     = {On a tensor category for the exceptional groups},
  booktitle = {{Computational methods for representations of groups and algebras, {E}uroconf. {P}roceedings}},
  year      = {1999},
  editor    = {Drexler, P. and Michler, G. O. and Ringel, C. M.},
  volume    = {173},
  series    = {Progress in Math.},
  pages     = {121--138},
  publisher = {Birkh\"auser},
  doi       = {10.1007/978-3-0348-8716-8_6},
  address  = {Basel},
}

@InCollection{Coleman68,
  author    = {A. J. Coleman},
  title     = {The symmetric group made easy},
  booktitle = {{Advances in Quantum Chemistry}},
  publisher = {Elsevier},
  year      = {1968},
  volume    = {4},
  pages     = {83--108},
  address   = {New York},
  doi       = {10.1016/s0065-3276(08)60390-1},
}

@Article{Cremmer:1979up,
  author       = {Cremmer, E. and Julia, Bernard L.},
  title        = {The {SO(8)} supergravity},
  year         = {1979},
  volume       = {159},
  pages        = {141},
  doi          = {10.1016/0550-3213(79)90331-6},
  journal = {Nucl. Phys. {B}},
}

@Article{PCar,
  author       = {Predrag {Cvitanovi\'c}},
  title        = {Group theory for {Feynman} diagrams in non-{Abelian} gauge theories},
  year         = {1976},
  volume       = {14},
  pages        = {1536},
  doi          = {10.1103/physrevd.14.1536},
  journal = {Phys. Rev. D},
}
% \cite{C76}
%  pages =	 {1536-1553}

@Misc{C77,
  author =	 {Predrag {Cvitanovi\'c}},
  title = 	 {Classical and exceptional {Lie} algebras
		  as invariance algebras},
  year = 	 {1977},
  note =	 {({Oxford} {University} preprint 40/77, unpublished)},
  URL =  	 {http://www.nbi.dk/GroupTheory}
}

@Article{Cvit77b,
  author       = {Predrag {Cvitanovi\'c}},
  title        = {Asymptotic estimates and gauge invariance},
  year         = {1977},
  volume       = {127},
  pages        = {176},
  doi          = {10.1016/0550-3213(77)90357-1},
  journal = {Nucl. Phys. {B}},
}

@Article{NegDimE7,
  author       = {{Cvitanovi\'c}, Predrag},
  title        = {Negative dimensions and {$E\sb{7}$} symmetry},
  year         = {1981},
  volume       = {188},
  pages        = {373},
  doi          = {10.1016/0550-3213(81)90262-5},
  journal = {Nucl. Phys. {B}},
}

@Article{Cvit81planar,
  author       = {{Cvitanovi\'c}, Predrag},
  title        = {Planar perturbation expansion},
  year         = {1981},
  volume       = {99},
  pages        = {49},
  doi          = {10.1016/0370-2693(81)90801-7},
  journal = {Phys. Lett. B},
}

@Article{PC-ADK,
  author  = {{Cvitanovi\'c}, P. and Kennedy, A.S D.},
  title   = {Spinors in negative dnimensions},
  journal = {Phys. Scr.},
  year    = {1982},
  volume  = {26},
  pages   = {5--14},
  doi     = {10.1088/0031-8949/26/1/001},
}

@Article{noisy_Fred,
  author       = {Cvitanovi\'c, P. and Dettmann, C.P. and Mainieri, R. and Vattay, G.},
  title        = {Trace formulas for stochastic evolution operators: Smooth conjugation method},
  year         = {1999},
  volume       = {12},
  pages        = {939--953},
  doi          = {10.1088/0951-7715/12/4/312},
  journal = {Nonlinearity},
}

@Book{PCgr,
  title     = {{Group Theory}},
  publisher = {Princeton Univ. Press},
  year      = {2004},
  author    = {{Cvitanovi\'c}, Predrag},
  note      = {www.nbi.dk/GroupTheory},
  doi       = {10.1515/9781400837670},
  address  = {Princeton  NJ},
}
  URL =  	 {www.nbi.dk/GroupTheory}

@Article{MR96m:22012,
  author   = {Deligne, Pierre},
  title    = {La s\'erie exceptionnelle de groupes de {Lie}},
  journal  = {C. R. Acad. Sci. Paris S\'er. I Math.},
  year     = {1996},
  volume   = {322},
  number   = {4},
  pages    = {321--326},
}

@Article{MR97k:22008,
  author  = {Deligne, Pierre and de Man, Ronald},
  title   = {La s\'erie exceptionnelle de groupes de {Lie}. {II}},
  journal = {C. R. Acad. Sci. Paris S\'er. I Math.},
  year    = {1996},
  volume  = {323},
  pages   = {577--582},
}
      ISSN = {0764-4442},

@Article{PDBHG2002,
  author  = {Deligne, P. and Gross, B. H.},
  title   = {On the exceptional series, and its descendants},
  journal = {C. R. Acad. Sci. Paris S\'er. I Math.},
  year    = {2002},
  volume  = {335},
  pages   = {877--881},
  doi     = {10.1016/s1631-073x(02)02590-6},
}
% recheck the page number

@Article{Dyson52,
  author       = {Dyson, F. J.},
  title        = {Divergence of Perturbation Theory in {Q}uantum {E}lectrodynamics},
  year         = {1952},
  volume       = {85},
  pages        = {631--632},
  doi          = {10.1103/physrev.85.631},
  journal = {Phys. Rev.},
}

@Book{ELLIOTT,
  title     = {{Symmetry in Physics}},
  publisher = {MacMillan},
  year      = {1979},
  author    = {Elliott, J. P. and Dawber, P. G.},
  volume    = {2},
  address   = {Surrey},
  doi       = {10.1007/978-1-349-07637-6},
}

@Misc{Elvang99,
  author      = {Henriette Elvang},
  title       = {Birdtracks, Young Projections, Colours},
  year        = {1999},
  note        = {MPhys project in Mathematical Physics},
  institution = {University of Edinburgh},
}

@Article{Feynman49,
  author       = {Feynman, R. P.},
  title        = {Theory of Positrons},
  year         = {1949},
  volume       = {76},
  pages        = {749},
  doi          = {10.1103/physrev.76.749},
  journal = {Phys. Rev.},
}

@Article{Frame54,
  author       = {Frame, J. S. and Robinson, D. de B. and Thrall, R. M.},
  title        = {The hook graphs of the symmetric group},
  year         = {1954},
  volume       = {6},
  pages        = {316--325},
  doi          = {10.4153/cjm-1954-030-1},
  journal = {Canad. J. Math.},
}

@Article{Freudenthal1954,
  author       = {H. Freudenthal},
  title        = {Beziehungen der {$E_7$} und {$E_8$} zur Oktavenebene, I, II},
  year         = {1954},
  volume       = {16},
  pages        = {218},
  journal = {Indag. Math.},
}

@Article{MR86i:22024,
  author       = {Gel'fand, I. M. and Zelevinski\u{\i}, A. V.},
  title        = {Models of representations of classical groups and their hidden symmetries},
  year         = {1984},
  volume       = {18},
  number       = {3},
  pages        = {14--31},
  journal = {Funktsional. Anal. i Prilozhen.},
}

@Book{GoodWallach,
  author =	 {R. Goodman and N. R. Wallach},
  title = 	 {{Representations and invariants of the classical groups}},
  publisher = 	 {Cambridge},
  year = 	 1998,
  ISBN =         {0-521-66348-2}
}

@Article{Gursey:1976dn,
  author  = {G\"ursey, F. and Sikivie, P.},
  title   = {${E}_{7}$ as a Universal Gauge Group},
  journal = {Phys. Rev. Lett.},
  year    = {1976},
  volume  = {36},
  pages   = {775--778},
  doi     = {10.1103/PhysRevLett.36.775},
}

@Book{Jacobi1969,
  title     = {{Collected Works}},
  publisher = {Amer. Math. Soc.},
  year      = {1969},
  author    = {Jacobi, Carl Gustav Jacob},
  volume    = {3},
  address  = {Providence R.I.},
}

@Article{Jordan:1934vh,
  author       = {P. Jordan and {von Neumann}, J. and Wigner, E.},
  title        = {On an algebraic generalization of the quantum mechanical formalism},
  year         = {1934},
  volume       = {35},
  pages        = {29},
  doi          = {10.1007/978-3-662-02781-3_21},
  journal = {Ann. Math.},
}

@InProceedings{Julia81,
  author    = {Julia, Bernard L.},
  title     = {Group disintegrations},
  booktitle = {{Superspace and Supergravity}},
  year      = {1981},
  editor    = {Hawking, S. and Rocek, M.},
  publisher = {Cambridge Univ. Press},
  address  = {Cambridge},
}
  pages =	 {??--??},

@Book{James81,
  title     = {{The Representation Theory of the Symmetric Group}},
  publisher = {Cambridge Univ. Press},
  year      = {1981},
  author    = {G. James and A. Kerber},
  address   = {Cambridge UK},
  booktitle = {{The Representation Theory of the Symmetric Group}},
  doi       = {10.1017/cbo9781107340732.005},
}

@Article{ADKar,
  author       = {Kennedy, Anthony D.},
  title        = {Diagrammatic methods for spinors in {Feynman} diagrams},
  year         = {1982},
  volume       = {D26},
  pages        = {1936--1955},
  doi          = {10.1103/physrevd.26.1936},
  journal = {Phys. Rev.},
}

@Misc{ADKsl,
  author = 	 {Kennedy, Anthony D.},
  title = 	 {Group Algebras, {Lie} Algebras, and {Clifford} Algebras},
  note = 	 {Colloquium (Moscow State University)},
  year =	 1997,
  note =          {www.ph.ed.ac.uk/~adk/algebra-slides}
}
  URL =          {www.ph.ed.ac.uk/~adk/algebra-slides}

@Article{Killing1888,
  author       = {W. Killing},
  year         = {1888},
  volume       = {252},
  pages        = {31},
  journal = {Math. Ann.},
}

@Article{Killing1889a,
  author       = {W. Killing},
  year         = {1889},
  volume       = {1},
  pages        = {33},
  journal = {Math. Ann.},
}

@Article{Killing1889b,
  author       = {W. Killing},
  year         = {1889},
  volume       = {57},
  pages        = {34},
  journal = {Math. Ann.},
}

@Article{Killing1890,
  author       = {W. Killing},
  year         = {1890},
  volume       = {161},
  pages        = {36},
  journal = {Math. Ann.},
}

@Article{MR1907375,
  author       = {King, R. C. and Wybourne, B. G.},
  title        = {Multiplicity-free tensor products of irreducible representations of the exceptional {Lie} groups},
  year         = {2002},
  volume       = {35},
  number       = {15},
  pages        = {3489--3513},
  doi          = {10.1088/0305-4470/35/15/310},
  journal = {J. Phys. A},
}

@Article{lands01a,
  author       = {Landsberg, J. M. and Manivel, L.},
  title        = {The projective geometry of {Freudenthal}'s magic square},
  year         = {2001},
  volume       = {239},
  pages        = {477--512},
  doi          = {10.1006/jabr.2000.8697},
  journal = {J. of Algebra},
}

@Article{lands01,
  author       = {Landsberg, J. M. and Manivel, L.},
  title        = {Triality, exceptional {Lie} algebras and {Deligne} dimension formulas},
  year         = {2002},
  volume       = {171},
  pages        = {59--85},
  url    = {http://arXiv/abs/math.AG/0107032},
  doi          = {10.1006/aima.2002.2071},
  journal = {Adv. Math.},
}

@Misc{lands02,
  author = {Landsberg, J. M. and Manivel, L.},
  title  = {Series of {Lie} groups},
  year   = {2002},
  url    = {http://arXiv/abs/math.AG/0203241},
}

@Unpublished{lands02a,
  author = {Landsberg, Joseph M. and Manivel, Laurent},
  title  = {Representation theory and projective geometry},
  url    = {http://arXiv/abs/math.AG/0203260},
  year   = {2002},
  doi    = {10.1007/978-3-662-05652-3_6},
}

@Article{Levinson56,
  author  = {Levinson, I. B.},
  title   = {Sums of {Wigner} coefficients and their graphical representation},
  journal = {Proceed. Physical-Technical Inst. Acad. Sci. Lithuanian SSR},
  year    = {1956},
  volume  = {2},
  pages   = {17--30},
   URL    = {http://birdtracks.eu/refs/Levinson/index.html},
}

@Book{LICHTENBERG,
  title     = {{Unitary Symmetry and Elementary Particles}},
  publisher = {Academic Press},
  year      = {1970},
  author    = {D. B. Lichtenberg},
  address  = {New York},
}

@Book{Manivel01,
  title     = {{Symmetric Functions, {Schubert} Polynomials and Degeneracy Loci},
  publisher = {Amer. Math. Soc.},
  year      = {2001},
  author    = {L. Manivel},
  URL      = {http://www-fourier.ujf-grenoble.fr/~manivel/cours.html},
  isbn      = {0-821-82154-7},
  address  = {Providence RI},
}

@Book{Messiah62,
  title     = {{Quantum Mechanics}},
  publisher = {North-Holland},
  year      = {1962},
  author    = {A. Messiah},
  volume    = {2},
  address  = {Amsterdam},
}

@Article{MR86j:17011,
  author       = {Meyberg, K.},
  title        = {Spurformeln in einfachen {Lie}-Algebren},
  year         = {1984},
  volume       = {54},
  pages        = {177--189},
  journal = {Abh. Math. Sem. Univ. Hamburg},
}
      ISSN = {0025-5858},

@Article{Okubo:1979qe,
  author       = {S. Okubo},
  title        = {Quartic Trace Identity For Exceptional {Lie} Algebras},
  year         = {1979},
  volume       = {20},
  pages        = {586},
  doi          = {10.1063/1.524127},
  journal = {J. Math. Phys.},
}

@Article{MR1928841,
  author       = {Patureau-Mirand, B.},
  title        = {Caract\`eres sur l'alg\`ebre de diagrammes {$\Lambda$}},
  year         = {2002},
  pages        = {563--607},
  issn         = {1465-3060},
  journal = {Geom. Topol.},
}

@Article{MR2001a:17011,
  author       = {Patureau-Mirand, B.},
  title        = {Caract\`eres sur l'alg\`ebre de diagrammes {$\Lambda$}},
  year         = {1999},
  volume       = {329},
  pages        = {803--806},
  issn         = {0764-4442},
  journal = {C. R. Acad. Sci. Paris S\'er. I Math.},
}

@Book{Robinson61,
  author =	 {Robinson, D. de B.},
  title = 	 {{Representation Theory of the Symmetric Group}},
  publisher = 	 {Univ. Toronto Press},
  year = 	 {1961}
}

@Article{Rosenfeld1956,
  author       = {Rosenfeld, Boris A.},
  title        = {Geometrical interpretation of the compact simple {Lie} groups of the class},
  year         = {1956},
  volume       = {106},
  pages        = {600},
  note         = {in Russian},
  journal = {Dokl. Akad. Nauk SSSR},
}

@Book{Schur73,
  title     = {{Gesammelte Abhandlungen}},
  publisher = {Springer},
  year      = {1973},
  author    = {Issai Schur},
  isbn      = {0-387-05630-0},
  address  = {Berlin},
}

@Book{Stanley99,
  title     = {{Enumerative Combinatorics 2}},
  publisher = {Cambridge U. Press},
  year      = {1999},
  author    = {Stanley, R. P.},
  address  = {Cambridge},
}

@Book{StedmanBook,
  title     = {{Diagram Techniques in Group Theory}},
  publisher = {Cambridge U. Press},
  year      = {1990},
  author    = {Stedman, G. E.},
  address  = {Cambridge},
}
  URL =  	 {www.phys.canterbury.ac.nz/~physges/Stedman_pub.pdf}

@Book{tHooft94,
  title     = {{Under the Spell of Gauge Principle}},
  publisher = {World Scientific},
  year      = {1994},
  author    = {{'t Hooft}, Gerard},
  address  = {Singapore},
}

@Article{'tHooft:1972fi,
  author       = {{'t Hooft}, Gerard and M. Veltman},
  title        = {Regularization and Renormalization of Gauge Fields},
  year         = {1972},
  volume       = {44},
  pages        = {189},
  doi          = {10.1016/0550-3213(72)90279-9},
  journal = {Nucl. Phys. B},
}
  URL =          {{www.library.uu.nl/digiarchief/dip/dispute/2002-0718-131954/Diagrammar - 1973.pdf}}

@Article{'tHooft:1974jz,
  author  = {{'t Hooft}, Gerard},
  title   = {A planar diagram theory for strong interactions},
  journal = {Nuclear Phys. B},
  year    = {1974},
  volume  = {72},
  pages   = {461--473},
  doi     = {10.1016/0550-3213(74)90154-0},
}

@Article{Tits1966,
  author       = {J. Tits},
  title        = {Alg{\'e}bres alternatives, alg{\'e}bres de {J}ordan et alg{\'e}bres de {Lie} exceptionnelles},
  year         = {1966},
  volume       = {28},
  pages        = {223--237},
  journal = {Indag. Math.},
}

{Tits67,
  author =       {J. Tits},
  title =        {Lecture Notes in Mathematics vol. 40}
  publisher =    {Springer},
  year =         {1967},
  address =      {New York}
}

@Book{MR96d:22001,
  title     = {{{Lie} groups and {Lie} algebras, {III}}},
  publisher = {Springer},
  year      = {1994},
  editor    = {Vinberg, {\`E}. B.},
  volume    = {41},
  series    = {Encyclopaedia of Mathematical Sciences},
  note      = {Structure of {Lie} groups and {Lie} algebras, A translation of {\it Current problems in mathematics. Fundamental directions. Vol.\ 41} (Russian), Akad.\ Nauk SSSR, Vsesoyuz.\ Inst.\ Nauchn.\ i Tekhn.\ Inform., Moscow, 1990 [MR 91b:22001], Translation by V. Minachin [V. V. Minakhin], Translation edited by A. L. Onishchik and \`E.\ B. Vinberg},
  isbn      = {3-540-54683-9},
  address  = {Berlin},
}

@Article{PV95,
  author  = {Vogel, P.},
  title   = {Algebraic structures on modules of diagrams},
  journal = {J. Pure .Applied Algebra},
  year    = {2011},
  volume  = {215},
  pages   = {1292--1339},
  doi     = {10.1016/j.jpaa.2010.08.013},
}

@Misc{PV99,
  author = {Vogel, P.S},
  title  = {The universal {Lie} algebra},
  year   = {1999},
  note   = {www.math.jussieu.fr/~vogel (unpublished preprint)},
}
       URL = {www.math.jussieu.fr/~vogel},
    note = {(unpublished preprint)},

@Book{WAERDEN,
  title     = {{Algebra}},
  publisher = {Springer},
  year      = {1959},
  author    = {{van der Waerden}, B. L.},
  volume    = {2},
  edition   = {4},
  address  = {Berlin},
}

@Misc{WolframYoung,
  author    = {E. Weisstein},
  title     = {{Young Tableaux}},
  doi       = {10.3840/08003428},
  publisher = {Wolfram Research, Inc.},
}

@Book{Weyl31,
  title     = {{The Theory of Groups and Quantum Mechanics}},
  publisher = {Methuen},
  year      = {1931},
  author    = {H. Weyl},
  address  = {London},
}

@Book{WIGNER,
  title     = {{Group Theory and Its Application to the Quantum Mechanics of Atomic Spectra}},
  publisher = {Academic Press},
  year      = {1959},
  author    = {Wigner, E. P.},
  address  = {New York},
}

@Book{Wybourne70,
  title     = {{Symmetry Principles and Atomic Spectroscopy}},
  publisher = {Wiley},
  year      = {1970},
  author    = {Wybourne, B. G.},
  doi       = {10.1051/jphyscol:1970405},
  address  = {New York},
}

@Book{Young1977,
  author =	 {A. Young},
  title =	 {{The Collected Papers of Alfred Young}},
  publisher =	 {University of Toronto Press},
  year =	 1977,
  note =	 {with the eight articles on quantitative substitutional
                  analysis, including: {\em Proc.~London Math.~Soc.~\bf 33}
                  (1900) 97-146; {\bf 28} (1928) 255-292; {\bf 31} (1930)
                  253-272.}
}

@Book{YutsisLevVan62,
  title     = {{The Theory of Angular Momentum}},
  publisher = {Gordon and Breach},
  year      = {1964},
  author    = {Yutsis, A. P. and Levinson, I. B. and Vanagas, V. V.},
  address  = {New York},
}

@Book{Artin:2011,
  title     = {{Algebra}},
  publisher = {Prentice Hall},
  year      = {2011},
  author    = {Artin, M.},
  address   = {Boston},
  edition   = {2},
}

@InCollection{Bourbaki7-9:2000,
  author    = {Bourbaki, N.},
  title     = {{Lie Groups and Lie Algebras}},
  booktitle = {{Elements of Mathematics}},
  publisher = {Springer},
  year      = {2002},
  chapter   = {VII--IX},
  address   = {New York},
  doi       = {10.1007/978-3-540-89394-3},
}

@Book{Cartan1894structure,
  title     = {{Sur la structure des groupes de transformations finis et continus}},
  publisher = {Nony},
  year      = {1894},
  author    = {Cartan, E.},
  series    = {{Th{\`e}ses pr{\'e}sent{\'e}es a la Facult{\'e} des Sciences de Paris pour obtenir le grade de docteur {\`e}s sciences math{\'e}matiques}},
  url       = {https://books.google.co.za/books?id=JY8LAAAAYAAJ},
}

@Article{Chowla:1951,
  author  = {Chowla, S. and Herstein, I. N. and Moore, W. K.},
  title   = {On recursions connected with the symmetric groups {I}},
  journal = {Cannad. J. Math.},
  year    = {1951},
  volume  = {3},
  pages   = {328--334},
  doi     = {10.4153/CJM-1951-038-3},
}

@Book{Clebsch1866theorie,
  title     = {{Theorie der abelschen Funktionen}},
  publisher = {Teubner},
  year      = {1866},
  author    = {Clebsch, A. and Gordan, P.},
}

@Book{Elliott:1986kv,
  title   = {{SYMMETRY IN PHYSICS. VOL. 2: FURTHER APPLICATIONS}},
  year    = {1986},
  author  = {Elliott, J. P. and Dawber, P. G.},
  journal = {HOUNDMILLS, UK: MACMILLAN EDUC. (1986) 281-557},
}

@Book{Elliott:1987ku,
  title   = {{SYMMETRY IN PHYSICS. VOL. 1: PRINCIPLES AND SIMPLE APPLICATIONS}},
  year    = {1987},
  author  = {Elliott, J. P. and Dawber, P. G.},
  journal = {HOUNDMILLS, UK: MACMILLAN EDUC. (1987) 1-280},
}

@Book{Fulton:2004,
  title     = {{Representation {T}heory - {A} First {C}ourse}},
  publisher = {Springer},
  year      = {2004},
  author    = {Fulton, W. and Harris, J.},
  address   = {New York},
}

@Article{Georgi:1999wka,
  author  = {H. Georgi and R. Slansky},
  title   = {Lie algebras in particle physics},
  journal = {Physics Today},
  year    = {1983},
  volume  = {36},
  pages   = {62},
  doi     = {10.1063/1.2915398},
}

@Book{Grace:1903,
  title     = {{The Algebra of Invariants}},
  publisher = {Cambridge Univ. Press},
  year      = {1903},
  author    = {Grace, J. H. and Young, A.},
  doi       = {10.1017/CBO9780511708534},
}

@Book{Hall:2015,
  title     = {{Lie {Group}s, {Lie} Algebras, and {R}epresentations - {An} {E}lementary {I}ntroduction}},
  publisher = {Springer},
  year      = {2015},
  author    = {Hall, B.C.},
  address   = {Switzerland},
}

@Article{Howe:2011,
  author  = {Howe, R. and Lee, S.T.},
  title   = {Why should the {Littlewood-Richardson} rule be true?},
  journal = {Am. Math. Soc.},
  year    = {2012},
  volume  = {49},
  pages   = {187--236},
  doi     = {10.1090/S0273-0979-2011-01358-1},
}

@Book{Jacobson:1989I,
  title     = {{Basic Algebra {I}},
  publisher = {{D}over},
  year      = {1989},
  author    = {Jacobson, N.},
  address   = {San Francisco},
}

@Book{Jacobson:1989II,
  title     = {{Basic Algebra {II}}},
  publisher = {{D}over},
  year      = {1989},
  author    = {Jacobson, N.},
  address   = {San Francisco},
}

@Article{Kaiser2006,
  author  = {Kaiser, N.},
  title   = {Mean eigenvalues for simple, simply connected, compact {Lie}S groups},
  journal = {J. Phys. A},
  year    = {2006},
  volume  = {39},
  pages   = {15287--15298},
  doi     = {10.1088/0305-4470/39/49/013},
}

@Article{Keppeler:2012ih,
  author  = {Keppeler, S. and Sj{\"o}dahl, M.},
  title   = {Orthogonal multiplet bases in {SU(Nc )} color space},
  journal = {JHEP},
  year    = {2012},
  volume  = {2012},
  pages   = {124},
  doi     = {10.1007/JHEP09(2012)124},
}

@Article{Keppeler:2013yla,
  author  = {Keppeler, S. and Sj{\"o}dahl, M.},
  title   = {{Hermitian Young} operators},
  journal = {J. Math. Phys.},
  year    = {2014},
  volume  = {55},
  pages   = {021702},
  doi     = {10.1063/1.4865177},
}

@Article{Kim:2010,
  author  = {Kim, D. and Kim, J. S.},
  title   = {A combinatorial approach to the power of 2 in the number of involutions},
  journal = {J. Combin. Theory A},
  year    = {2010},
  volume  = {117},
  pages   = {1082--1094},
  doi     = {10.1016/j.jcta.2009.08.002},
}

@Book{KosmannSchwarzbach:2000,
  title     = {{Groups and Symmetries - From Finite Groups to {Lie} Groups}},
  publisher = {Springer},
  year      = {2000},
  author    = {Kosmann-Schwarzbach, Y.},
  address   = {{N}ew {Y}ork},
}

@Book{Littlewood:1950,
  title     = {{The Theory of Group Characters and Matrix Representations of Groups}},
  publisher = {Amer. Math. Soc.},
  year      = {1950},
  author    = {Littlewood, D. E.},
  edition   = {2},
  doi       = {10.1090/chel/357},
}

@Article{Littlewood:1976nv,
  author  = {Littlewood, D. E.},
  title   = {Lie algebras and representations of continuous groups},
  journal = {Int. J. Theor. Phys.},
  year    = {1975},
  volume  = {14},
  pages   = {97--109},
  doi     = {10.1007/BF01807978},
}

@Article{Lossers:1986,
  author  = {Lossers, O. P.},
  title   = {{Solution to Problem E3058}},
  journal = {Amer. Math. Monthly},
  year    = {1986},
  volume  = {93},
  pages   = {820--821},
}

@Article{Mandula:1981xt,
  author       = {Mandula, J. E.},
  title        = {{D}IAGRAMMATIC {T}ECHNIQUES IN {G}ROUP {T}HEORY},
  year         = {1981},
  reportnumber = {SHEP 80/81-7},
  slaccitation = {%%CITATION = SHEP 80/81-7;%%},
}

@Article{Moser:1955,
  author  = {Moser, L. and Wyman, M.},
  title   = {On solutions of {$x^d=1$} in symmetric groups},
  journal = {Cannad. J. Math.},
  year    = {1955},
  volume  = {7},
  pages   = {159--168},
  doi     = {10.4153/CJM-1955-021-8},
}

@Article{Penrose:1972ia,
  author  = {Penrose, R. and MacCallum, M. A. H.},
  title   = {Twistor theory: {An} approach to the quantisation of fields and space-time},
  journal = {Phys. Rep.},
  year    = {1973},
  volume  = {6},
  pages   = {241--315},
  doi     = {10.1016/0370-1573(73)90008-2},
}

@InCollection{Rothe:1800,
  author    = {Rothe, H. A.},
  title     = {{Ueber Permutationen, in Beziehung auf die Stellen ihrer Elemente. Anwendungen der daraus abgeleiteten S{\"a}tze auf das Eliminationsproblem.}},
  booktitle = {{Sammlung Combinatorisch-Analytischer Abhandlungen}},
  publisher = {Leipzig, bey Gerhard Fleischer dem J{\"u}ngeren},
  year      = {1800},
  editor    = {Hindenburg, C. F.},
  pages     = {263--305},
  note      = {Zweyte Sammlung},
  url       = {http://www.e-rara.ch/zut/content/pageview/1341041},
}

@Book{Sagan:2000,
  title     = {{The Symmetric {Group} - {R}epresentations, {C}ombinatorical Algorithms, and Symmetric Functions}},
  publisher = {Springer},
  year      = {2000},
  author    = {Sagan, B. E.},
  address   = {New York},
  edition   = {2},
  doi       = {10.1007/978-1-4757-6804-6},
}

@InCollection{Sjodahl:2013hra,
  author    = {Sj{\"o}dahl, M. and Keppeler, S.},
  title     = {Tools for calculations in color space},
  booktitle = {{Proceedings, 21st International Workshop on Deep-Inelastic Scattering and Related Subjects (DIS 2013)}},
  publisher = {PoS},
  year      = {2013},
  volume    = {DIS2013},
  pages     = {166},
  url       = {http://arxiv.org/abs/1307.1319},
}

@Article{Thrall:1941,
  author  = {Thrall, R. M.},
  title   = {Young’s semi-normal representation of the symmetric group},
  journal = {Duke Math. J.},
  year    = {1941},
  volume  = {8},
  pages   = {611--624},
  doi     = {10.1215/S0012-7094-41-00852-9},
}

@Book{Tung:1985na,
  title     = {{Group Theory in Physics}},
  publisher = {World Scientific},
  year      = {1985},
  author    = {Tung, W. K.},
  doi       = {10.1142/0097},
}

@Article{Young:1928,
  author  = {Young, A.},
  title   = {On quantitative substitutional analysis - III},
  journal = {Proc. London Math. Soc.},
  year    = {1928},
  volume  = {28},
  pages   = {255--292},
}

@Article{Young:1933,
  author  = {Young, A.},
  title   = {The application of substitutional snalysis to invariants - {III}},
  journal = {Proc. London Math. Soc.},
  year    = {1933},
  volume  = {35},
  pages   = {425},
}

@Misc{Mandula,
  author       = {Mandula, J. E.},
  title        = {Diagrammatic techniques in group theory},
  year         = {1981},
  note         = {notes taken by S. N. Coulson and A. J. G. Hey (University of Southampton)},
  reportnumber = {SHEP 80/81-7},
}

@Book{Georgi99,
  title     = {{Lie Algebras in Particle Physics}},
  publisher = {Perseus Books},
  year      = {1983},
  author    = {Howard Georgi},
  doi       = {10.1063/1.2915398},
  address  = {Reading MA},
}

@Article{Freudenthal1964,
  author       = {H. Freudenthal},
  title        = {Lie groups in the foundations of geometry},
  year         = {1964},
  volume       = {1},
  pages        = {145--190},
  doi          = {10.1016/0001-8708(65)90038-1},
  journal = {Adv. Math.},
}

@Book{Fulton91,
  title     = {{Representation Theory - {A} First Course}},
  publisher = {Springer},
  year      = {1991},
  author    = {Fulton, W. and Harris, J.},
  address   = {New York},
  doi       = {10.1007/978-1-4612-0979-9},
  isbn      = {0-387-97495-4},
}

@Book{Sagan:2000,
  title     = {{The Symmetric Group : Representations, Combinatorial Algorithms, and Symmetric Functions }},
  publisher = {Springer},
  year      = {2000},
  author    = {Sagan, B. E.},
  address   = {New York},
  edition   = {2},
  doi       = {10.1007/978-1-4757-6804-6},
}

@Book{Fulton:1997,
  title     = {{Young Tableaux, With Applications to Representation Theory and Geometry}},
  publisher = {Cambridge Univ. Press},
  year      = {1997},
  author    = {Fulton, W.},
  address   = {Cambridge},
}

@Book{Hamermesh1962,
  title     = {{Group Theory and its Applications to Physical Problems}},
  publisher = {Dover},
  year      = {1962},
  author    = {Hamermesh, M.},
  address   = {New York},
  doi       = {10.1119/1.1941790},
}

@InCollection{Penrose1971,
  author    = {Penrose, R.},
  title     = {Applications of negative dimensional tensors},
  booktitle = {{Combinatorical mathematics and its applications}},
  publisher = {Academic Press},
  year      = {1971},
  editor    = {Welsh, D. J. A.},
  pages     = {221--244},
  address   = {New York},
}

@InCollection{Penrose71,
  author    = {Penrose, R.},
  title     = {Angular momentum: {An} approach to combinatorical space-time},
  booktitle = {{Quantum Theory and Beyond}},
  publisher = {Cambridge Univ. Press},
  year      = {1971},
  editor    = {Bastin, T.},
  address   = {Cambridge},
}

@Misc{AlcZei16-1,
  author = {Alcock-Zeilinger, J. and Weigert, H.},
  title  = {Simplification rules for birdtrack operators},
  year   = {2016},
  url    = {https://arxiv.org/abs/1610.08801},
}

@Misc{AlcZei16-2,
  author = {Alcock-Zeilinger, J. and Weigert, H.},
  title  = {Compact {Hermitian Young} projection operators},
  year   = {2016},
  url    = {https://arxiv.org/abs/1610.10088},
}

@Misc{AlcZei16-3,
  author = {Alcock-Zeilinger, J. and Weigert, H.},
  title  = {Transition operators},
  year   = {2016},
  url    = {https://arxiv.org/abs/1610.08802},
}

@Misc{AlcZei16-4,
  author = {J. Alcock-Zeilinger and H. Weigert},
  title  = {Singlets},
  year   = {2017},
}

@Comment{jabref-meta: databaseType:bibtex;}
