
@ARTICLE{Lorentz1905,
author={Lorentz, H.A.},
title={The motion of electrons in metallic bodies},
journal={Proc. Amst. Acad.},
year={1905},
volume={7},
}

@ARTICLE{Dettmann2000315,
author={Dettmann, C.P.},
title={The Lorentz gas as a paradigm for nonequilibrium stationary states},
journal={Hard Ball Systems and the Lorentz Gas},
year={2000},
volume={101},
pages={315-365},
}

@CONFERENCE{Chernov20061679,
author={Chernov, N. and Dolgopyat, D.},
title={Hyperbolic billiards and statistical physics},
journal={International Congress of Mathematicians, ICM 2006},
year={2006},
volume={2},
pages={1679-1704},
}

@ARTICLE{Klages2007,
author={Klages, R.},
journal={Microscopic Chaos, Fractals and Transport in Nonequilibrium Statistical Mechanics},
year={2007},
}

@ARTICLE{Chernov2010243,
author={Chernov, N.},
title={The work of {Dmitry Dolgopyat} on physical models with moving particles},
journal={Journal of Modern Dynamics},
year={2010},
volume={4},
pages={243-255},
}

@ARTICLE{St2007,
author={Stöckmann, H.J.},
journal={Quantum Chaos: An Introduction},
year={2007},
note={cited By (since 1996)1},
}

@ARTICLE{Vacchini200971,
author={Vacchini, B. and Hornberger, K.},
title={Quantum linear Boltzmann equation},
journal={Physics Reports},
year={2009},
volume={478},
pages={71-120},
}

@BOOK{Joannopoulos2011,
author={Joannopoulos, J.D. and Johnson, S.G. and Winn, J.N. and Meade, R.D.},
title={Photonic crystals: Molding the flow of light},
journal={Photonic Crystals: Molding the Flow of Light (Second Edition)},
year={2011},
page_count={286},
}

@ARTICLE{Chernov2006,
author={Chernov, N.I. and Markarian, R.},
journal={Chaotic Billiards},
year={2006},
volume={127},
}

@ARTICLE{Tabachnikov2005,
author={Tabachnikov, S.},
journal={Geometry and Billiards},
year={2005},
note={cited By (since 1996)38},
}

@ARTICLE{Gutkin2012,
author={Gutkin, E.},
title={Billiard dynamics: An updated survey with the emphasis on open problems},
journal={Chaos},
year={2012},
volume={22},
art_number={026116},
}

@ARTICLE{Morriss1998321,
author={Morriss, G.P. and Dettmann, C.P.},
title={Thermostats: Analysis and application},
journal={Chaos},
year={1998},
volume={8},
number={2},
pages={321-336},
note={cited By (since 1996)54},
}

@ARTICLE{Wojtkowski199847,
author={Wojtkowski, M.P. and Liverani, C.},
title={Conformally symplectic dynamics and symmetry of the Lyapunov spectrum},
journal={Comm. Math. Phys.},
year={1998},
volume={194},
number={1},
pages={47-60},
note={cited By (since 1996)32},
}

@ARTICLE{Roberts199263,
author={Roberts, J.A.G. and Quispel, G.R.W.},
title={Chaos and time-reversal symmetry. Order and chaos in reversible dynamical systems},
journal={Physics Report},
year={1992},
volume={216},
number={2-3},
pages={63-177},
note={cited By (since 1996)94},
}

@ARTICLE{Li2005015121,
author={Li, B. and Wang, J. and Wang, L. and Zhang, G.},
journal={Chaos},
year={2005},
volume={15},
pages={015121},
note={cited By (since 1996)5},
}

@ARTICLE{Dhar1999480,
author={Dhar, A. and Dhar, D.},
title={Absence of Local Thermal Equilibrium in Two Models of Heat Conduction},
journal={Phys. Rev. Lett.},
year={1999},
volume={82},
number={3},
pages={480-483},
note={cited By (since 1996)38},
}

@ARTICLE{Bunimovich1996661,
author={Bunimovich, L.A. and Spohn, H.},
title={Viscosity for a periodic two disk fluid: An existence proof},
journal={Comm. Math. Phys.},
year={1996},
volume={176},
number={3},
pages={661-680},
note={cited By (since 1996)18},
}

@ARTICLE{Dettmann2012181,
author={Dettmann, C.P.},
title={New Horizons in Multidimensional Diffusion: The Lorentz Gas and the Riemann Hypothesis},
journal={J. Stat. Mech.},
year={2012},
volume={146},
number={1},
pages={181-204},
note={cited By (since 1996)9},
}

@ARTICLE{Van Beijeren1982195,
author={Van Beijeren, H.},
title={Transport properties of stochastic Lorentz models},
journal={Reviews of Modern Physics},
year={1982},
volume={54},
number={1},
pages={195-234},
note={cited By (since 1996)68},
}

@ARTICLE{Gaspard1998,
author={Gaspard, P.},
journal={Chaos, Scattering and Statistical Mechanics},
year={1998},
note={cited By (since 1996)487},
}

@ARTICLE{Dettmann2003481,
author={Dettmann, C.P.},
title={The Burnett expansion of the periodic Lorentz gas},
journal={Ergodic Theory and Dynamical Systems},
year={2003},
volume={23},
number={2},
pages={481-491},
note={cited By (since 1996)3},
}

@ARTICLE{Petrov1975,
author={Petrov, V.V.},
journal={Sums of Independent Random Variables},
year={1975},
note={cited By (since 1996)662},
}

@ARTICLE{NoAuthor0000,
year={0000},
note={cited By (since 1996)1},
}

@ARTICLE{Sanders2008,
author={Sanders, D.P.},
journal={Phys. Rev. e},
year={2008},
volume={78},
note={cited By (since 1996)3},
}

@ARTICLE{Conrey2003341,
author={Conrey, J.B.},
title={The Riemann hypothesis},
journal={Notices of the AMS},
year={2003},
volume={50},
number={3},
pages={341-353},
note={cited By (since 1996)48},
}

@ARTICLE{Sinai1970137,
author={Sinai, Ya.G.},
title={Dynamical systems with elastic reflections},
journal={Russ. Math. Surv.},
year={1970},
volume={25},
number={2},
pages={137-189},
note={cited By (since 1996)378},
}

@ARTICLE{Bálint2003119,
author={Bálint, P. and Chernov, N. and Szász, D. and Tóth, I.P.},
title={Geometry of multi-dimensional dispersing billiards},
journal={Asterisque},
year={2003},
number={286},
pages={119-150},
note={cited By (since 1996)18},
}

@ARTICLE{Bálint20121275,
author={Bálint, P. and Tóth, I.P.},
title={Example for exponential growth of complexity in a finite horizon multi-dimensional dispersing billiard},
journal={Nonlinearity},
year={2012},
volume={25},
number={5},
pages={1275-1297},
note={cited By (since 1996)1},
}

@ARTICLE{Bálint2002451,
author={Bálint, P. and Chernov, N. and Szász, D. and Tóth, I.P.},
title={Multi-dimensional semi-dispersing billiards: Singularities and the fundamental theorem},
journal={Annales Henri Poincare},
year={2002},
volume={3},
number={3},
pages={451-482},
note={cited By (since 1996)19},
}

@ARTICLE{Bálint20081309,
author={Bálint, P. and Tóth, I.P.},
title={Exponential decay of correlations in multi-dimensional dispersing billiards},
journal={Annales Henri Poincare},
year={2008},
volume={9},
number={7},
pages={1309-1369},
note={cited By (since 1996)10},
}

@ARTICLE{Bachurin2008155,
author={Bachurin, P. and Bálint, P. and Tóth, I.P.},
title={Local ergodicity for systems with growth properties including multi-dimensional dispersing billiards},
journal={Israel Journal of Mathematics},
year={2008},
volume={167},
number={1},
pages={155-175},
note={cited By (since 1996)3},
}

@ARTICLE{Young1998585,
author={Young, L.-S.},
title={Statistical properties of dynamical systems with some hyperbolicity},
journal={Annals of Mathematics},
year={1998},
volume={147},
number={3},
pages={585-650},
note={cited By (since 1996)261},
}

@ARTICLE{Chernov200721,
author={Chernov, N.},
title={A stretched exponential bound on time correlations for billiard flows},
journal={J. Stat. Mech.},
year={2007},
volume={127},
number={1},
pages={21-50},
note={cited By (since 1996)11},
}

@ARTICLE{Stoyanov2001715,
author={Stoyanov, L.},
title={Spectrum of the Ruelle operator and exponential decay of correlations for open billiard flows},
journal={American Journal of Mathematics},
year={2001},
volume={123},
number={4},
pages={715-759},
note={cited By (since 1996)25},
}

@ARTICLE{Baladi2012689,
author={Baladi, V. and Liverani, C.},
title={Exponential Decay of Correlations for Piecewise Cone Hyperbolic Contact Flows},
journal={Comm. Math. Phys.},
year={2012},
volume={314},
number={3},
pages={689-773},
note={cited By (since 1996)7},
}

@ARTICLE{Chernov199619,
author={Chernov, N.I. and Haskell, C.},
title={Nonuniformly hyperbolic K-systems are Bernoulli},
journal={Ergodic Theory and Dynamical Systems},
year={1996},
volume={16},
number={1},
pages={19-44},
note={cited By (since 1996)43},
}

@ARTICLE{Conze19991233,
author={Conze, J.-P.},
title={Sur un critère de récurrence en dimension 2 pour les marches stationnaires, applications},
journal={Ergodic Theory and Dynamical Systems},
year={1999},
volume={19},
number={5},
pages={1233-1245},
note={cited By (since 1996)25},
}

@ARTICLE{Schmidt1998837,
author={Schmidt, K.},
title={On joint recurrence [Sur la récurrence simultanée]},
journal={Comptes Rendus de l'Academie des Sciences - Series I: Mathematics},
year={1998},
volume={327},
number={9},
pages={837-842},
note={cited By (since 1996)32},
}

@ARTICLE{Bunimovich1981479,
author={Bunimovich, L.A. and Sinai, Ya.G.},
title={Statistical properties of lorentz gas with periodic configuration of scatterers},
journal={Comm. Math. Phys.},
year={1981},
volume={78},
number={4},
pages={479-497},
note={cited By (since 1996)181},
}

@ARTICLE{Szász2004257,
author={Szász, D. and Varjú, T.},
title={Local limit theorem for the Lorentz process and its recurrence in the plane},
journal={Ergodic Theory and Dynamical Systems},
year={2004},
volume={24},
number={1},
pages={257-278},
note={cited By (since 1996)24},
}

@ARTICLE{Melbourne2009478,
author={Melbourne, I. and Nicol, M.},
title={A vector-valued almost sure invariance principle for hyperbolic dynamical systems},
journal={Annals of Probability},
year={2009},
volume={37},
number={2},
pages={478-505},
note={cited By (since 1996)19},
}

@ARTICLE{Bleher1992315,
author={Bleher, P.M.},
title={Statistical properties of two-dimensional periodic Lorentz gas with infinite horizon},
journal={J. Stat. Mech.},
year={1992},
volume={66},
number={1-2},
pages={315-373},
note={cited By (since 1996)70},
}

@ARTICLE{Evans2008,
author={Evans, D.J. and Morriss, G.P.},
journal={Statistical Mechanics of Nonequilibrium Liquids},
year={2008},
note={cited By (since 1996)168},
}

@ARTICLE{Chernov200037,
author={Chernov, N.I. and Dettmann, C.P.},
title={The existence of Burnett coefficients in the periodic Lorentz gas},
journal={Physica A},
year={2000},
volume={279},
number={1-4},
pages={37-44},
note={cited By (since 1996)12},
}

@ARTICLE{Machta19831959,
author={Machta, J. and Zwanzig, R.},
title={Diffusion in a periodic lorentz gas},
journal={Phys. Rev. Lett.},
year={1983},
volume={50},
number={25},
pages={1959-1962},
note={cited By (since 1996)73},
}

@ARTICLE{Klages2000145,
author={Klages, R. and Dellago, C.},
title={Density-dependent diffusion in the periodic Lorentz gas},
journal={J. Stat. Mech.},
year={2000},
volume={101},
number={1-2},
pages={145-159},
note={cited By (since 1996)26},
}

@ARTICLE{Gilbert2009041121,
author={Gilbert, T. and Sanders, D.P.},
journal={Phys. Rev. E},
year={2009},
volume={80},
number={4},
pages={041121},
note={cited By (since 1996)1},
}

@ARTICLE{Angstmann20121819,
author={Angstmann, C. and Morriss, G.P.},
title={An approximate formula for the diffusion coefficient for the periodic Lorentz gas},
journal={Phys. Lett. A},
year={2012},
volume={376},
number={23},
pages={1819-1822},
note={cited By (since 1996)2},
}

@ARTICLE{Gilbert2011,
author={Gilbert, T. and Nguyen, H.C. and Sanders, D.P.},
journal={J. Phys. A},
year={2011},
volume={44},
note={cited By (since 1996)3},
}

@ARTICLE{Cvitanović19922,
author={Cvitanović, P. and Gaspard, P. and Schreiber, T.},
journal={Chaos},
year={1992},
pages={2},
note={cited By (since 1996)1},
}

@ARTICLE{Morris1994553,
author={Morris, G.P. and Rondoni, L.},
title={Periodic orbit expansions for the Lorentz gas},
journal={J. Stat. Mech.},
year={1994},
volume={75},
number={3-4},
pages={553-584},
note={cited By (since 1996)43},
}

@ARTICLE{Cvitanović1995113,
author={Cvitanović, P. and Eckmann, J.-P. and Gaspard, P.},
title={Transport properties of the Lorentz gas in terms of periodic orbits},
journal={Chaos, Solitons and Fractals},
year={1995},
volume={6},
number={C},
pages={113-120},
note={cited By (since 1996)23},
}

@ARTICLE{Pollicott1991257,
author={Pollicott, M.},
title={A note on the Artuso-Aurell-Cvitanovic approach to the Feigenbaum tangent operator},
journal={J. Stat. Mech.},
year={1991},
volume={62},
number={1-2},
pages={257-267},
note={cited By (since 1996)7},
}

@ARTICLE{Klages1995387,
author={Klages, R. and Dorfman, J.R.},
title={Simple maps with fractal diffusion coefficients},
journal={Phys. Rev. Lett.},
year={1995},
volume={74},
number={3},
pages={387-390},
note={cited By (since 1996)72},
}

@ARTICLE{Klages19995361,
author={Klages, R. and Dorfman, J.R.},
title={Simple deterministic dynamical systems with fractal diffusion coefficients},
journal={Phys. Rev. E},
year={1999},
volume={59},
number={5 B},
pages={5361-5383},
note={cited By (since 1996)38},
}

@ARTICLE{Knight2011227,
author={Knight, G. and Klages, R.},
title={Linear and fractal diffusion coefficients in a family of one-dimensional chaotic maps},
journal={Nonlinearity},
year={2011},
volume={24},
number={1},
pages={227-241},
note={cited By (since 1996)4},
}

@ARTICLE{Knight2012,
author={Knight, G. and Georgiou, O. and Dettmann, C.P. and Klages, R.},
title={Dependence of chaotic diffusion on the size and position of holes},
journal={Chaos},
year={2012},
volume={22},
number={2},
art_number={023132},
note={cited By (since 1996)5},
}

@ARTICLE{Keller20081719,
author={Keller, G. and Howard, P.J. and Klages, R.},
title={Continuity properties of transport coefficients in simple maps},
journal={Nonlinearity},
year={2008},
volume={21},
number={8},
pages={1719-1743},
note={cited By (since 1996)3},
}

@ARTICLE{Harayama2002026211,
author={Harayama, T. and Klages, R. and Gaspard, P.},
journal={Phys. Rev. E},
year={2002},
volume={66},
number={2},
pages={026211},
note={cited By (since 1996)1},
}

@ARTICLE{Moran1987709,
author={Moran, B. and Hoover, W.G. and Bestiale, S.},
title={Diffusion in a periodic Lorentz gas},
journal={J. Stat. Mech.},
year={1987},
volume={48},
number={3-4},
pages={709-726},
note={cited By (since 1996)100},
}

@ARTICLE{Dettmann19962495,
author={Dettmann, C.P. and Morriss, G.P.},
title={Hamiltonian formulation of the Gaussian isokinetic thermostat},
journal={Phys. Rev. E},
year={1996},
volume={54},
number={3},
pages={2495-2500},
note={cited By (since 1996)47},
}

@ARTICLE{Dettmann1996,
author={Dettmann, C.P. and Morriss, G.P.},
journal={Phys. Rev. E},
year={1996},
volume={53},
note={cited By (since 1996)1},
}

@ARTICLE{Dettmann1995,
author={Dettmann, C.P. and Morriss, G.P. and Rondoni, L.},
journal={Phys. Rev. E},
year={1995},
volume={52},
note={cited By (since 1996)1},
}

@ARTICLE{Chernov1993569,
author={Chernov, N.I. and Eyink, G.L. and Lebowitz, J.L. and Sinai, Ya.G.},
title={Steady-state electrical conduction in the periodic Lorentz gas},
journal={Comm. Math. Phys.},
year={1993},
volume={154},
number={3},
pages={569-601},
note={cited By (since 1996)145},
}

@ARTICLE{Young1982109,
author={Young, L.-S.},
title={Dimension, entropy and Lyapunov exponents},
journal={Ergodic Theory Dynam. Systems},
year={1982},
volume={2},
pages={109-124},
note={cited By (since 1996)220},
}

@ARTICLE{Bonetto20121221,
author={Bonetto, F. and Chernov, N. and Korepanov, A. and Lebowitz, J.L.},
title={Spatial Structure of Stationary Nonequilibrium States in the Thermostatted Periodic Lorentz Gas},
journal={J. Stat. Mech.},
year={2012},
volume={146},
number={6},
pages={1221-1243},
note={cited By (since 1996)5},
}

@ARTICLE{Bonetto2012,
author={Bonetto, F. and Chernov, N. and Korepanov, A. and Lebowitz, J.},
journal={Speed Distribution of N Particles in the Thermostated Periodic Lorentz Gas with A Field},
year={2012},
note={cited By (since 1996)1},
}

@ARTICLE{Chernov2001197,
author={Chernov, N.I.},
title={Sinai billiards under small external forces},
journal={Annales Henri Poincare},
year={2001},
volume={2},
number={2},
pages={197-236},
note={cited By (since 1996)29},
}

@ARTICLE{Chernov20101117,
author={Chernov, N. and Dolgopyat, D.},
title={Lorentz Gas with Thermostatted Walls},
journal={Annales Henri Poincare},
year={2010},
volume={11},
number={6},
pages={1117-1169},
note={cited By (since 1996)4},
}

@ARTICLE{Zhang2011747,
author={Zhang, H.-K.},
title={Current in Periodic Lorentz Gases with Twists},
journal={Comm. Math. Phys.},
year={2011},
volume={306},
number={3},
pages={747-776},
note={cited By (since 1996)8},
}

@ARTICLE{Chernov20131065,
author={Chernov, N. and Zhang, H.-K. and Zhang, P.},
title={Electrical Current in Sinai Billiards Under General Small Forces},
journal={J. Stat. Mech.},
year={2013},
volume={153},
number={6},
pages={1065-1083},
note={cited By (since 1996)1},
}

@ARTICLE{Jepps2010133001,
author={Jepps, O.G. and Rondoni, L.},
journal={J. Phys. A},
year={2010},
volume={43},
pages={133001},
note={cited By (since 1996)1},
}

@ARTICLE{Rateitschak200061,
author={Rateitschak, K. and Klages, R. and Hoover, Wm.G.},
title={The Nosé-Hoover thermostated Lorentz gas},
journal={J. Stat. Mech.},
year={2000},
volume={101},
number={1-2},
pages={61-77},
note={cited By (since 1996)19},
}

@ARTICLE{Dolowschiák2005,
author={Dolowschiák, M. and Kovács, Z.},
journal={Phys. Rev. E},
year={2005},
volume={71},
note={cited By (since 1996)2},
}

@ARTICLE{Gilbert2006035102,
author={Gilbert, T.},
journal={Phys. Rev. E},
year={2006},
volume={73},
number={3},
pages={035102},
note={cited By (since 1996)1},
}

@ARTICLE{Hoover1992599,
author={Hoover, W.G. and Moran, B.},
title={Viscous attractor for the Galton board},
journal={Chaos},
year={1992},
volume={2},
number={4},
pages={599-602},
note={cited By (since 1996)11},
}

@ARTICLE{Benettin20013,
author={Benettin, G. and Rondoni, L.},
title={A new model for the transport of particles in a thermostatted system},
journal={Math. Phys. Electron. J.},
year={2001},
volume={7},
pages={3},
note={cited By (since 1996)18},
}

@ARTICLE{Dettmann19964782,
author={Dettmann, C.P. and Morriss, G.P.},
title={Crisis in the periodic Lorentz gas},
journal={Phys. Rev. E},
year={1996},
volume={54},
number={5},
pages={4782-4790},
note={cited By (since 1996)14},
}

@ARTICLE{Odbadrakh19994021,
author={Odbadrakh, H. and Morris, G.P.},
title={Nonhyperbolic behavoir in the thermostated Lorentz gas},
journal={Phys. Rev. E},
year={1999},
volume={60},
number={4 A},
pages={4021-4026},
note={cited By (since 1996)2},
}

@ARTICLE{Galton1889,
author={Galton, F.},
journal={Natural Inheritance},
year={1889},
note={cited By (since 1996)227},
}

@ARTICLE{Chernov2009821,
author={Chernov, N. and Dolgopyat, D.},
title={The galton board: Limit theorems and recurrence},
journal={Journal of the American Mathematical Society},
year={2009},
volume={22},
number={3},
pages={821-858},
note={cited By (since 1996)12},
}

@ARTICLE{Piasecki1979549,
author={Piasecki, J. and Wajnryb, E.},
title={Long-time behavior of the Lorentz electron gas in a constant, uniform electric field},
journal={J. Stat. Mech.},
year={1979},
volume={21},
number={5},
pages={549-559},
note={cited By (since 1996)13},
}

@ARTICLE{Krapivsky19973822,
author={Krapivsky, P.L. and Redner, S.},
title={Slowly divergent drift in the field-driven Lorentz gas},
journal={Phys. Rev. E},
year={1997},
volume={56},
number={4},
pages={3822-3830},
note={cited By (since 1996)7},
}

@ARTICLE{Chernov1999513,
author={Chernov, N.},
title={Decay of correlations and dispersing billiards},
journal={J. Stat. Mech.},
year={1999},
volume={94},
number={3-4},
pages={513-556},
note={cited By (since 1996)85},
}

@ARTICLE{Melbourne2009163,
author={Melbourne, I.},
title={Decay of correlations for slowly mixing flows},
journal={Proceedings of the London Mathematical Society},
year={2009},
volume={98},
number={1},
pages={163-190},
note={cited By (since 1996)9},
}

@ARTICLE{Bálint2010,
author={Bálint, P. and Melbourne, I.},
journal={Decay of Correlations for Flows with Unbounded Roof Function},
year={2010},
note={cited By (since 1996)1},
}

@ARTICLE{Zacherl1986317,
author={Zacherl, A. and Geisel, T. and Nierwetberg, J. and Radons, G.},
title={Power spectra for anomalous diffusion in the extended Sinai billiard},
journal={Phys. Lett. A},
year={1986},
volume={114},
number={6},
pages={317-321},
note={cited By (since 1996)34},
}

@ARTICLE{Matsuoka199781,
author={Matsuoka, H. and Martin Jr., R.F.},
title={Long-time tails of the velocity autocorrelation functions for the triangular periodic Lorentz gas},
journal={J. Stat. Mech.},
year={1997},
volume={88},
number={1-2},
pages={81-103},
note={cited By (since 1996)6},
}

@ARTICLE{Sász200759,
author={Sász, D. and Varjú, T.},
journal={J. Stat. Phys.},
year={2007},
volume={129},
number={1},
pages={59},
note={cited By (since 1996)1},
}

@ARTICLE{Dolgopyat2009651,
author={Dolgopyat, D.I. and Chernov, N.I.},
title={Anomalous current in periodic Lorentz gases with infinite horizon},
journal={Russian Mathematical Surveys},
year={2009},
volume={64},
number={4},
pages={651-699},
note={cited By (since 1996)11},
}

@ARTICLE{Nándori2011342,
author={Nándori, P.},
title={Recurrence Properties of a Special Type of Heavy-Tailed Random Walk},
journal={J. Stat. Mech.},
year={2011},
volume={142},
number={2},
pages={342-355},
note={cited By (since 1996)2},
}

@ARTICLE{Bálint2013,
author={Bálint, P. and Chernov, N. and Dolgopyat, D.},
journal={Convergence of Moments for Dispersing Billiards with Cusps},
year={2013},
note={cited By (since 1996)1},
}

@ARTICLE{Melbourne20121091,
author={Melbourne, I. and Török, A.},
title={Convergence of moments for Axiom A and non-uniformly hyperbolic flows},
journal={Ergodic Theory and Dynamical Systems},
year={2012},
volume={32},
number={3},
pages={1091-1100},
note={cited By (since 1996)4},
}

@ARTICLE{Bálint2008435,
author={Bálint, P. and Melbourne, I.},
title={Decay of correlations and invariance principles for dispersing billiards with cusps, and related planar billiard flows},
journal={J. Stat. Mech.},
year={2008},
volume={133},
number={3},
pages={435-447},
note={cited By (since 1996)9},
}

@ARTICLE{Bálint2006461,
author={Bálint, P. and Gouëzel, S.},
title={Limit theorems in the stadium billiard},
journal={Comm. Math. Phys.},
year={2006},
volume={263},
number={2},
pages={461-512},
note={cited By (since 1996)24},
}

@ARTICLE{Bálint2011479,
author={Bálint, P. and Chernov, N. and Dolgopyat, D.},
title={Limit Theorems for Dispersing Billiards with Cusps},
journal={Comm. Math. Phys.},
year={2011},
volume={308},
number={2},
pages={479-510},
note={cited By (since 1996)4},
}

@ARTICLE{Gaspard19901693,
author={Gaspard, P. and Nicolis, G.},
title={Transport properties, Lyapunov exponents, and entropy per unit time},
journal={Phys. Rev. Lett.},
year={1990},
volume={65},
number={14},
pages={1693-1696},
note={cited By (since 1996)183},
}

@ARTICLE{Gilbert2001339,
author={Gilbert, T. and Dorfman, J.R. and Gaspard, P.},
title={Fractal dimensions of the hydrodynamic modes of diffusion},
journal={Nonlinearity},
year={2001},
volume={14},
number={2},
pages={339-358},
note={cited By (since 1996)20},
}

@ARTICLE{Demers20121270,
author={Demers, M.F. and Wright, P. and Young, L.-S.},
title={Entropy, Lyapunov exponents and escape rates in open systems},
journal={Ergodic Theory and Dynamical Systems},
year={2012},
volume={32},
number={4},
pages={1270-1301},
note={cited By (since 1996)6},
}

@ARTICLE{Eckmann1985617,
author={Eckmann, J.-P. and Ruelle, D.},
title={Ergodic theory of chaos and strange attractors},
journal={Reviews of Modern Physics},
year={1985},
volume={57},
number={3},
pages={617-656},
note={cited By (since 1996)2055},
}

@ARTICLE{Kantz198575,
author={Kantz, H. and Grassberger, P.},
title={Repellers, semi-attractors, and long-lived chaotic transients},
journal={Physica D},
year={1985},
volume={17},
number={1},
pages={75-86},
note={cited By (since 1996)143},
}

@ARTICLE{Viscardy2003412051,
author={Viscardy, S. and Gaspard, P.},
title={Viscosity in the escape-rate formalism},
journal={Phys. Rev. E},
year={2003},
volume={68},
number={4 1},
pages={412051-4120510},
art_number={041205},
note={cited By (since 1996)14},
}

@ARTICLE{Demers2013,
author={Demers, M.F.},
journal={Escape Rates and Physical Measures for the Infinite Horizon Lorentz Gas with Holes},
year={2013},
note={cited By (since 1996)1},
}

@ARTICLE{Tupper20123864,
author={Tupper, P.F. and Yang, X.},
title={A paradox of state-dependent diffusion and how to resolve it},
journal={Proceedings of the Royal Society A: Mathematical, Physical and Engineering Sciences},
year={2012},
volume={468},
number={2148},
pages={3864-3881},
note={cited By (since 1996)7},
}

@ARTICLE{Dahlqvist1997159,
author={Dahlqvist, P.},
title={The Lyapunov exponent in the Sinai billiard in the small scatterer limit},
journal={Nonlinearity},
year={1997},
volume={10},
number={1},
pages={159-173},
note={cited By (since 1996)23},
}

@ARTICLE{Boca2007425,
author={Boca, F.P. and Zaharescu, A.},
title={The distribution of the free path lengths in the periodic two-dimensional Lorentz gas in the small-scatterer limit},
journal={Comm. Math. Phys.},
year={2007},
volume={269},
number={2},
pages={425-471},
note={cited By (since 1996)18},
}

@ARTICLE{Bykovskii200917,
author={Bykovskii, V.A. and Ustinov, A.V.},
title={Trajectory statistics in inhomogeneous Sinai problem for 2-dimensional lattice},
journal={Izv. Ran. Ser. Mat},
year={2009},
volume={73},
pages={17-36},
note={cited By (since 1996)3},
}

@ARTICLE{Caglioti2008477,
author={Caglioti, E. and Golse, F.},
title={The Boltzmann-Grad limit of the periodic Lorentz gas in two space dimensions},
journal={Comptes Rendus Mathematique},
year={2008},
volume={346},
number={7-8},
pages={477-482},
note={cited By (since 1996)9},
}

@ARTICLE{Marklof20081413,
author={Marklof, J. and Strömbergsson, A.},
title={Kinetic transport in the two-dimensional periodic Lorentz gas},
journal={Nonlinearity},
year={2008},
volume={21},
number={7},
pages={1413-1422},
note={cited By (since 1996)15},
}

@ARTICLE{Marklof20101949,
author={Marklof, J. and Strömbergsson, A.},
title={The distribution of free path lengths in the periodic Lorentz gas and related lattice point problems},
journal={Annals of Mathematics},
year={2010},
volume={172},
number={3},
pages={1949-2033},
note={cited By (since 1996)18},
}

@ARTICLE{Marklof2011225,
author={Marklof, J. and Strömbergsson, A.},
title={The Boltzmann-Grad limit of the periodic Lorentz gas},
journal={Annals of Mathematics},
year={2011},
volume={174},
number={1},
pages={225-298},
note={cited By (since 1996)9},
}

@ARTICLE{Marklof2011560,
author={Marklof, J. and Strömbergsson, A.},
title={The Periodic Lorentz Gas in The Boltzmann-Grad Limit: Asymptotic Estimates},
journal={Geometric and Functional Analysis},
year={2011},
volume={21},
number={3},
pages={560-647},
note={cited By (since 1996)9},
}

@ARTICLE{Marklof2014,
author={Marklof, J. and Tóth, B.},
journal={Superdiúsion in the Periodic Lorentz Gas},
year={2014},
note={cited By (since 1996)1},
}

@ARTICLE{Marklof2010179,
author={Marklof, J.},
title={The asymptotic distribution of Frobenius numbers},
journal={Inventiones Mathematicae},
year={2010},
volume={181},
number={1},
pages={179-207},
note={cited By (since 1996)11},
}

@ARTICLE{Marklof2014,
author={Marklof, J.},
journal={The Low-density Limit of the Lorentz Gas: Periodic, Aperiodic and Random},
year={2014},
note={cited By (since 1996)1},
}

@ARTICLE{Golse201239,
author={Golse, F.},
journal={Recent Results on the Periodic Lorentz Gas, in Nonlinear Partial Differential Equations},
year={2012},
pages={39-99},
note={cited By (since 1996)1},
}

@ARTICLE{Szász2000,
author={Szász, D.},
title={Hard Ball Systems and the Lorentz Gas},
journal={Encyclopaedia of Mathematical Sciences},
year={2000},
volume={101},
note={cited By (since 1996)8},
}

@ARTICLE{Simányi2002281,
author={Simányi, N.},
title={The complete hyperbolicity of cylindric billiards},
journal={Ergodic Theory and Dynamical Systems},
year={2002},
volume={22},
number={1},
pages={281-302},
note={cited By (since 1996)14},
}

@ARTICLE{Sinai1987181,
author={Sinai, Ya.G. and Chernov, N.I.},
title={Ergodic properties of certain systems of two-dimensional discs and three-dimensional balls},
journal={Russian Math. Surveys},
year={1987},
volume={42},
number={3},
pages={181-207},
note={cited By (since 1996)73},
}

@ARTICLE{Krámli199137,
author={Krámli, A. and Simányi, N. and Szász, D.},
title={The K-property of three billiard balls},
journal={Ann. Math.},
year={1991},
volume={133},
number={1},
pages={37-72},
note={cited By (since 1996)28},
}

@ARTICLE{Krámli1992107,
author={Krámli, A. and Simányi, N. and Szász, D.},
title={The K-property of four billiard balls},
journal={Comm. Math. Phys.},
year={1992},
volume={144},
number={1},
pages={107-148},
note={cited By (since 1996)27},
}

@ARTICLE{Simányi1992521,
author={Simányi, N.},
title={The K-property of N billiard balls I},
journal={Inventiones Mathematicae},
year={1992},
volume={108},
number={1},
pages={521-548},
note={cited By (since 1996)25},
}

@ARTICLE{Simányi1992151,
author={Simányi, N.},
title={The K-property of N billiard balls II. Computation of neutral linear spaces},
journal={Inventiones Mathematicae},
year={1992},
volume={110},
number={1},
pages={151-172},
note={cited By (since 1996)21},
}

@ARTICLE{Simányi2004203,
author={Simányi, N.},
title={Proof of the ergodic hypothesis for typical hard ball systems},
journal={Annales Henri Poincare},
year={2004},
volume={5},
number={2},
pages={203-233},
note={cited By (since 1996)18},
}

@ARTICLE{Simányi2009381,
author={Simányi, N.},
title={Conditional proof of the boltzmann-Sinai ergodic hypothesis},
journal={Inventiones Mathematicae},
year={2009},
volume={177},
number={2},
pages={381-413},
note={cited By (since 1996)7},
}

@ARTICLE{Simányi20131703,
author={Simányi, N.},
title={Singularities and non-hyperbolic manifolds do not coincide},
journal={Nonlinearity},
year={2013},
volume={26},
number={6},
pages={1703-1717},
note={cited By (since 1996)1},
}

@ARTICLE{Szász2008,
author={Szász, D.},
title={Some challenges in the theory of (semi)-dispersing billiards},
journal={Nonlinearity},
year={2008},
volume={21},
number={10},
pages={T187-T193},
note={cited By (since 1996)7},
}

@ARTICLE{Batistić2011365101,
author={Batistić, B. and Robnik, M.},
journal={J. Phys. A},
year={2011},
volume={44},
pages={365101},
note={cited By (since 1996)2},
}

@ARTICLE{Fermi19491169,
author={Fermi, E.},
title={On the origin of the cosmic radiation},
journal={Phys. Rev.},
year={1949},
volume={75},
number={8},
pages={1169-1174},
note={cited By (since 1996)722},
}

@ARTICLE{Loskutov1999966,
author={Loskutov, A.Yu. and Ryabov, A.B. and Akinshin, L.G.},
title={Mechanism of Fermi acceleration in dispersing billiards with time-dependent boundaries},
journal={Journal of Experimental and Theoretical Physics},
year={1999},
volume={89},
number={5},
pages={966-974},
note={cited By (since 1996)44},
}

@ARTICLE{Loskutov20082863,
author={Loskutov, A. and Chichigina, O. and Ryabov, A.},
title={Thermodynamics of dispersing billiards with time-dependent boundaries},
journal={International Journal of Bifurcation and Chaos},
year={2008},
volume={18},
number={9},
pages={2863-2869},
note={cited By (since 1996)7},
}

@ARTICLE{Lenz2008,
author={Lenz, F. and Diakonos, F.K. and Schmelcher, P.},
journal={Phys. Rev. Lett.},
year={2008},
volume={100},
number={1},
note={cited By (since 1996)6},
}

@ARTICLE{Shah2010,
author={Shah, K. and Turaev, D. and Rom-Kedar, V.},
journal={Phys. Rev. E},
year={2010},
volume={81},
note={cited By (since 1996)6},
}

@ARTICLE{Gelfreich2012,
author={Gelfreich, V. and Rom-Kedar, V. and Turaev, D.},
title={Fermi acceleration and adiabatic invariants for non-autonomous billiards},
journal={Chaos},
year={2012},
volume={22},
number={3},
art_number={033116},
note={cited By (since 1996)8},
}

@ARTICLE{Batistić2013,
author={Batistić, B.},
journal={Fermi Acceleration in Chaotic Shape-Preserving Billiards},
year={2013},
note={cited By (since 1996)1},
}

@ARTICLE{Jarzynski19931,
author={Jarzynski, C. and Swiatecki, W.J.},
title={A universal asymptotic velocity distribution for independent particles in a time-dependent irregular container},
journal={Nuclear Physics, Section A},
year={1993},
volume={552},
number={1},
pages={1-9},
note={cited By (since 1996)20},
}

@ARTICLE{Karlis2012,
author={Karlis, A.K. and Diakonos, F.K. and Constantoudis, V.},
title={A consistent approach for the treatment of Fermi acceleration in time-dependent billiards},
journal={Chaos},
year={2012},
volume={22},
number={2},
art_number={026120},
note={cited By (since 1996)6},
}

@ARTICLE{Dalessio2011011107,
author={Dalessio, L. and Krapivsky, P.L.},
journal={Phys. Rev. E},
year={2011},
volume={83},
number={1},
pages={011107},
note={cited By (since 1996)1},
}

@ARTICLE{Gradenigo2012,
author={Gradenigo, G. and Puglisi, A. and Sarracino, A. and Marconi, U.M.B.},
journal={Phys. Rev.},
year={2012},
note={cited By (since 1996)2},
}

@ARTICLE{Kargovsky2013,
author={Kargovsky, A.V. and Anashkina, E.I. and Chichigina, O.A. and Krasnova, A.K.},
title={Velocity distribution for quasistable acceleration in the presence of multiplicative noise},
journal={Phys. Rev. E},
year={2013},
volume={87},
number={4},
art_number={042133},
note={cited By (since 1996)1},
}

@ARTICLE{Karlis2012,
author={Karlis, A.K. and Diakonos, F.K. and Petri, C. and Schmelcher, P.},
title={Criticality and strong intermittency in the lorentz channel},
journal={Phys. Rev. Lett.},
year={2012},
volume={109},
number={11},
art_number={110601},
note={cited By (since 1996)5},
}

@ARTICLE{Dettmann2013,
author={Dettmann, C.P. and Leonel, E.D.},
title={Periodic compression of an adiabatic gas: Intermittency-enhanced Fermi acceleration},
journal={EPL},
year={2013},
volume={103},
number={4},
art_number={40003},
note={cited By (since 1996)1},
}

@ARTICLE{Rateitschak20001339,
author={Rateitschak, K. and Klages, R. and Nicolis, G.},
title={Thermostating by deterministic scattering: The periodic Lorentz gas},
journal={J. Stat. Mech.},
year={2000},
volume={99},
number={5-6},
pages={1339-1364},
note={cited By (since 1996)20},
}

@ARTICLE{Larralde2003197,
author={Larralde, H. and Leyvraz, F. and Mejía-Monasterio, C.},
title={Transport Properties of a Modified Lorentz Gas},
journal={J. Stat. Mech.},
year={2003},
volume={113},
number={1-2},
pages={197-231},
note={cited By (since 1996)51},
}

@ARTICLE{Salazar20094679,
author={Salazar, A. and Leyvraz, F. and Larralde, H.},
title={Fluctuation theorem for currents in the Spinning Lorentz Gas},
journal={Physica A},
year={2009},
volume={388},
number={22},
pages={4679-4694},
note={cited By (since 1996)2},
}

@ARTICLE{Eckmann2004790,
author={Eckmann, J.-P. and Young, L.-S.},
title={Temperature profiles in Hamiltonian heat conduction},
journal={Europhysics Lett.},
year={2004},
volume={68},
number={6},
pages={790-796},
note={cited By (since 1996)22},
}

@ARTICLE{Casati2008,
author={Casati, G. and Mejía-Monasterio, C. and Prosen, T.},
journal={Phys. Rev. Lett.},
year={2008},
volume={101},
number={1},
note={cited By (since 1996)9},
}

@ARTICLE{Chernov2005535,
author={Chernov, N. and Zhang, H.-K.},
title={A family of chaotic billiards with variable mixing rates},
journal={Stochastics and Dynamics},
year={2005},
volume={5},
number={4},
pages={535-553},
note={cited By (since 1996)13},
}

@ARTICLE{Zhang20124445,
author={Zhang, H.-K.},
title={Free path of billiards with flat points},
journal={Discrete and Continuous Dynamical Systems- Series A},
year={2012},
volume={32},
number={12},
pages={4445-4466},
note={cited By (since 1996)1},
}

@ARTICLE{Plakhov1998401,
author={Plakhov, A.Y. and Stepin, A.M.},
journal={Rus. Math. Surv.},
year={1998},
volume={53},
pages={401},
note={cited By (since 1996)2},
}

@ARTICLE{Kerckhoff1986293,
author={Kerckhoff, S. and Masur, H. and Smillie, J.},
title={Ergodicity of billiard flows and quadratic differentials},
journal={Ann. Math.},
year={1986},
volume={124},
number={2},
pages={293-311},
note={cited By (since 1996)109},
}

@ARTICLE{Avila2013,
author={Avila, A. and Delecroix, V.},
journal={Weak Mixing Directions in Non-Arithmetic Veech Surfaces},
year={2013},
note={cited By (since 1996)1},
}

@ARTICLE{Ferenczi2013766,
author={Ferenczi, S.},
title={Billiards in regular 2n-gons and the self-dual induction},
journal={Journal of the London Mathematical Society},
year={2013},
volume={87},
number={3},
pages={766-784},
note={cited By (since 1996)2},
}

@ARTICLE{Katok1980301,
author={Katok, A.},
title={Interval exchange transformations and some special flows are not mixing},
journal={Israel Journal of Mathematics},
year={1980},
volume={35},
number={4},
pages={301-310},
note={cited By (since 1996)52},
}

@ARTICLE{Casati19994729,
author={Casati, G. and Prosen, T.},
title={Mixing Property of Triangular Billiards},
journal={Phys. Rev. Lett.},
year={1999},
volume={83},
number={23},
pages={4729-4732},
note={cited By (since 1996)64},
}

@ARTICLE{Wang2013,
author={Wang, J. and Casati, G. and Prosen, T.},
journal={Non-Ergodicity and Localization of Invariant Measure for Two Colliding Masses},
year={2013},
note={cited By (since 1996)1},
}

@ARTICLE{Schwartz2009137,
author={Schwartz, R.E.},
title={Obtuse triangular billiards II: One hundred degrees worth of periodic trajectories},
journal={Experimental Mathematics},
year={2009},
volume={18},
number={2},
pages={137-171},
note={cited By (since 1996)6},
}

@ARTICLE{Ehrenfest1959,
author={Ehrenfest, P. and Ehrenfest, T.},
journal={The Conceptual Foundations of the Statistical Approach in Mechanics},
year={1959},
note={cited By (since 1996)152},
}

@ARTICLE{Hardy19791802,
author={Hardy, J. and Weber, J.},
title={Diffusion in a periodic wind-tree model},
journal={Journal of Mathematical Physics},
year={1979},
volume={21},
number={7},
pages={1802-1808},
note={cited By (since 1996)9},
}

@ARTICLE{Hubert2011223,
author={Hubert, P. and Lelievre, S. and Troubetzkoy, S.},
journal={Crelle},
year={2011},
volume={2011},
number={656},
pages={223},
note={cited By (since 1996)1},
}

@ARTICLE{Frczek2013,
author={Frczek, K. and Ulcigrai, C.},
journal={Invent. Math.},
year={2013},
note={cited By (since 1996)1},
}

@ARTICLE{Delecroix20141,
author={Delecroix, V. and Hubert, P. and Lelièvre, S.},
title={Diffusion for the periodic wind-tree model},
journal={Ann. Sci. École Norm. Supér.},
year={2014},
volume={47},
pages={1-28},
note={cited By (since 1996)2},
}

@ARTICLE{Schmiedeberg2006,
author={Schmiedeberg, M. and Stark, H.},
journal={Phys. Rev. E},
year={2006},
volume={73},
note={cited By (since 1996)2},
}

@ARTICLE{Alonso2004184,
author={Alonso, D. and Ruiz, A. and De Vega, I.},
title={Transport in polygonal billiards},
journal={Physica D},
year={2004},
volume={187},
number={1-4},
pages={184-199},
note={cited By (since 1996)18},
}

@ARTICLE{Sanders2006,
author={Sanders, D.P. and Larralde, H.},
title={Phys. Rev. E},
journal={Phys. Rev. E: Stat., Nonlinear, Soft Matter Phys.},
year={2006},
volume={73},
note={cited By (since 1996)3},
}

@ARTICLE{Jepps20061311,
author={Jepps, O.G. and Rondoni, L.},
title={Thermodynamics and complexity of simple transport phenomena},
journal={J. Phys. A},
year={2006},
volume={39},
number={6},
pages={1311-1338},
note={cited By (since 1996)19},
}

@ARTICLE{Zwanzig1983255,
author={Zwanzig, R.},
title={From classical dynamics to continuous time random walks},
journal={J. Stat. Mech.},
year={1983},
volume={30},
number={2},
pages={255-262},
note={cited By (since 1996)20},
}

@ARTICLE{Hannay1990887,
author={Hannay, J.H. and McCraw, R.J.},
title={Barrier billiards-a simple pseudo-integrable system},
journal={J. Phys. A},
year={1990},
volume={23},
number={6},
pages={887-900},
art_number={014},
note={cited By (since 1996)19},
}

@ARTICLE{Bachurin201133,
author={Bachurin, P. and Khanin, K. and Marklof, J. and Plakhov, A.},
title={Perfect retroreflectors and billiard dynamics},
journal={Journal of Modern Dynamics},
year={2011},
volume={5},
number={1},
pages={33-48},
note={cited By (since 1996)6},
}

@ARTICLE{Lepri2000857,
author={Lepri, S. and Rondoni, L. and Benettin, G.},
title={The Gallavotti-Cohen fluctuation theorem for a nonchaotic model},
journal={J. Stat. Mech.},
year={2000},
volume={99},
number={3-4},
pages={857-872},
note={cited By (since 1996)32},
}

@ARTICLE{Bianca2000013121,
author={Bianca, C. and Rondoni, L.},
journal={Chaos},
year={2000},
volume={19},
number={1},
pages={013121},
note={cited By (since 1996)1},
}

@ARTICLE{Jepps2008013127,
author={Jepps, O.G. and Bianca, C. and Rondoni, L.},
journal={Chaos},
year={2008},
volume={18},
number={1},
pages={013127},
note={cited By (since 1996)1},
}

@ARTICLE{Bianca201022,
author={Bianca, C.},
journal={Commun. Appl. Ind. Math.},
year={2010},
volume={1},
pages={22},
note={cited By (since 1996)1},
}

@ARTICLE{Solomon2011445,
author={Solomon, Y.},
title={Substitution tilings and separated nets with similarities to the integer lattice},
journal={Israel Journal of Mathematics},
year={2011},
volume={181},
number={1},
pages={445-460},
note={cited By (since 1996)5},
}

@ARTICLE{Dinaburg1976279,
author={Dinaburg, E.I. and Sinai, Ya.G.},
title={The one-dimensional Schrödinger equation with a quasiperiodic potential},
journal={Functional Analysis and Its Applications},
year={1976},
volume={9},
number={4},
pages={279-289},
note={cited By (since 1996)43},
}

@ARTICLE{Zaslavsky1989,
author={Zaslavsky, G.M. and Sagdeev, R.Z. and Chaikovsky, D.K. and Chernikov, A.A.},
title={Chaos and two-dimensional random walk in periodic and quasiperiodic fields},
journal={Zh. Eksp. Teor. Fiz.},
year={1989},
volume={95},
note={cited By (since 1996)8},
}

@ARTICLE{Kraemer2013,
author={Kraemer, A.S. and Sanders, D.P.},
title={Embedding quasicrystals in a periodic cell: Dynamics in quasiperiodic structures},
journal={Phys. Rev. Lett.},
year={2013},
volume={111},
number={12},
art_number={125501},
note={cited By (since 1996)3},
}

@ARTICLE{Wennberg2012981,
author={Wennberg, B.},
title={Free Path Lengths in Quasi Crystals},
journal={J. Stat. Mech.},
year={2012},
volume={147},
number={5},
pages={981-990},
note={cited By (since 1996)5},
}

@ARTICLE{Marklof2013,
author={Marklof, J. and Strömbergsson, A.},
journal={Free Path Lengths in Quasicrystals},
year={2013},
note={cited By (since 1996)1},
}

@ARTICLE{Marklof2013,
author={Marklof, J. and Strömbergsson, A.},
journal={Power-Law Distributions for the Free Path Length in Lorentz Gases},
year={2013},
note={cited By (since 1996)1},
}

@ARTICLE{Dolgopyat2009459,
author={Dolgopyat, D. and Szász, D. and Varjú, T.},
title={Limit theorems for locally perturbed planar Lorentz processes},
journal={Duke Mathematical Journal},
year={2009},
volume={148},
number={3},
pages={459-499},
note={cited By (since 1996)9},
}

@ARTICLE{Paulin20101116,
author={Paulin, D. and Szász, D.},
title={Locally Perturbed Random Walks with Unbounded Jumps},
journal={J. Stat. Mech.},
year={2010},
volume={141},
number={6},
pages={1116-1130},
note={cited By (since 1996)2},
}

@ARTICLE{Troubetzkoy201060,
author={Troubetzkoy, S.},
title={Typical Recurrence for the Ehrenfest Wind-Tree Model},
journal={J. Stat. Mech.},
year={2010},
volume={141},
number={1},
pages={60-67},
note={cited By (since 1996)5},
}

@ARTICLE{Cristadoro2010023115,
author={Cristadoro, G. and Lenci, M. and Seri, M.},
journal={Chaos},
year={2010},
volume={20},
number={2},
pages={023115},
note={cited By (since 1996)1},
}

@ARTICLE{Seri2011124,
author={Seri, M. and Lenci, M. and degli Esposti, M. and Cristadoro, G.},
title={Recurrence and Higher Ergodic Properties for Quenched Random Lorentz Tubes in Dimension Bigger than Two},
journal={J. Stat. Mech.},
year={2011},
volume={144},
number={1},
pages={124-138},
note={cited By (since 1996)2},
}

@ARTICLE{Lenci20111510,
author={Lenci, M. and Troubetzkoy, S.},
title={Infinite-horizon Lorentz tubes and gases: Recurrence and ergodic properties},
journal={Physica D},
year={2011},
volume={240},
number={19},
pages={1510-1515},
note={cited By (since 1996)1},
}

@ARTICLE{Stenlund2014879,
author={Stenlund, M.},
title={A Vector-Valued Almost Sure Invariance Principle for Sinai Billiards with Random Scatterers},
journal={Comm. Math. Phys.},
year={2014},
volume={325},
number={3},
pages={879-916},
note={cited By (since 1996)1},
}

@ARTICLE{Gallavotti1969308,
author={Gallavotti, G.},
title={Divergences and the approach to equilibrium in the lorentz and the wind-tree models},
journal={Phys. Rev.},
year={1969},
volume={185},
number={1},
pages={308-322},
note={cited By (since 1996)20},
}

@ARTICLE{Spohn1978277,
author={Spohn, H.},
title={The Lorentz process converges to a random flight process},
journal={Comm. Math. Phys.},
year={1978},
volume={60},
number={3},
pages={277-290},
note={cited By (since 1996)36},
}

@ARTICLE{Spohn1980569,
author={Spohn, H.},
title={Kinetic equations from Hamiltonian dynamics: Markovian limits},
journal={Reviews of Modern Physics},
year={1980},
volume={52},
number={3},
pages={569-615},
note={cited By (since 1996)283},
}

@ARTICLE{Boldrighini1983477,
author={Boldrighini, C. and Bunimovich, L.A. and Sinai, Ya.G.},
title={On the Boltzmann equation for the Lorentz gas},
journal={J. Stat. Mech.},
year={1983},
volume={32},
number={3},
pages={477-501},
note={cited By (since 1996)50},
}

@ARTICLE{Van Beijeren19954412,
author={Van Beijeren, H. and Dorfman, J.R.},
title={Lyapunov exponents and kolmogorov-sinai entropy for the lorentz gas at low densities},
journal={Phys. Rev. Lett.},
year={1995},
volume={74},
number={22},
pages={4412-4415},
note={cited By (since 1996)70},
}

@ARTICLE{Van Beijeren19963238,
author={Van Beijeren, H. and Dorfman, J.R.},
title={Lyapunov exponents and kolmogorov-sinai entropy for the lorentz gas at low densities},
journal={Phys. Rev. Lett.},
year={1996},
volume={76},
pages={3238},
note={cited By (since 1996)7},
}

@ARTICLE{De Wijn2004036209,
author={De Wijn, A.S. and Van Beijeren, H.},
journal={Phys. Rev. E},
year={2004},
volume={70},
number={3},
pages={036209},
note={cited By (since 1996)1},
}

@ARTICLE{Kruis2006823,
author={Kruis, H.V. and Panja, D. and Van Beijeren, H.},
title={Systematic density expansion of the Lyapunov exponents for a two-dimensional random lorentz gas},
journal={J. Stat. Mech.},
year={2006},
volume={124},
number={2-4},
pages={823-842},
note={cited By (since 1996)4},
}

@ARTICLE{Van Beijeren19961974,
author={Van Beijeren, H. and Dorfman, J.R. and Cohen, E.G.D. and Posch, H.A. and Dellago, Ch.},
title={Lyapunov exponents from kinetic theory for a dilute, field-driven lorentz gas},
journal={Phys. Rev. Lett.},
year={1996},
volume={77},
number={10},
pages={1974-1977},
note={cited By (since 1996)32},
}

@ARTICLE{Muülken2004046203,
author={Muülken, O. and Van Beijeren, H.},
journal={Phys. Rev. E},
year={2004},
volume={69},
number={4},
pages={046203},
note={cited By (since 1996)1},
}

@ARTICLE{Van Beijeren2000016312,
author={Van Beijeren, H. and Latz, A. and Dorfman, J.R.},
journal={Phys. Rev. E},
year={2000},
volume={63},
number={1},
pages={016312},
note={cited By (since 1996)1},
}

@ARTICLE{Van Beijeren2005036213,
author={Van Beijeren, H. and Mulken, O.},
journal={Phys. Rev. E},
year={2005},
volume={71},
number={3},
pages={036213},
note={cited By (since 1996)1},
}

@ARTICLE{Van Zon19982035,
author={Van Zon, R. and Van Beijeren, H. and Dellago, Ch.},
title={Largest Lyapunov exponent for many particle systems at low densities},
journal={Phys. Rev. Lett.},
year={1998},
volume={80},
number={10},
pages={2035-2038},
note={cited By (since 1996)60},
}

@ARTICLE{De Wijn2011P08012,
author={De Wijn, A.S. and Van Beijeren, H.},
journal={J. Stat. Mech.},
year={2011},
volume={2011},
pages={P08012},
note={cited By (since 1996)1},
}

@ARTICLE{Bobylev19971205,
author={Bobylev, A.V. and Maaø, F.A. and Hansen, A. and Hauge, E.H.},
title={There is more to be learned from the Lorentz model},
journal={J. Stat. Mech.},
year={1997},
volume={87},
number={5-6},
pages={1205-1228},
note={cited By (since 1996)24},
}

@ARTICLE{Kuzmany19985544,
author={Kuzmany, A. and Spohn, H.},
title={Magnetotransport in the two-dimensional Lorentz gas},
journal={Phys. Rev. E},
year={1998},
volume={57},
number={5 SUPPL. B},
pages={5544-5553},
note={cited By (since 1996)11},
}

@ARTICLE{Bobylev20011133,
author={Bobylev, A.V. and Hansen, A. and Piasecki, J. and Hauge, E.H.},
title={From the Liouville equation to the generalized Boltzmann equation for magnetotransport in the 2D Lorentz model},
journal={J. Stat. Mech.},
year={2001},
volume={102},
number={5-6},
pages={1133-1150},
note={cited By (since 1996)9},
}

@ARTICLE{Berglund19962149,
author={Berglund, N. and Hansen, A. and Hauge, E.H. and Piasecki, J.},
title={Can a local repulsive potential trap an electron?},
journal={Phys. Rev. Lett.},
year={1996},
volume={77},
number={11},
pages={2149-2153},
note={cited By (since 1996)21},
}

@ARTICLE{Piasecki1997795,
author={Piasecki, J. and Hansen, A. and Hauge, E.H.},
title={Magnetotransport in the 2D Lorentz model: Linear and nonlinear effects of a weak electric field},
journal={J. Phys. A},
year={1997},
volume={30},
number={3},
pages={795-809},
note={cited By (since 1996)3},
}

@ARTICLE{Basile2013,
author={Basile, G. and Nota, A. and Pulvirenti, M.},
journal={A Diffusion Limit for A Test Particle in A Random Distribution of Scatterers},
year={2013},
note={cited By (since 1996)1},
}

@ARTICLE{Hauge1969397,
author={Hauge, E.H. and Cohen, E.G.D.},
title={Normal and abnormal diffusion in Ehrenfeste' wind-tree model},
journal={Journal of Mathematical Physics},
year={1969},
volume={10},
number={3},
pages={397-414},
note={cited By (since 1996)10},
}

@ARTICLE{Wood1971528,
author={Wood, W.W. and Lado, F.},
title={Monte Carlo calculation of normal and abnormal diffusion in Ehrenfest's wind-tree model},
journal={Journal of Computational Physics},
year={1971},
volume={7},
number={3},
pages={528-546},
note={cited By (since 1996)4},
}

@ARTICLE{Van Beyeren1972397,
author={Van Beyeren, H. and Hauge, E.H.},
title={Abnormal diffusion in Ehrenfest's wind-tree model},
journal={Phys. Lett. A},
year={1972},
volume={39},
number={5},
pages={397-398},
note={cited By (since 1996)3},
}

@ARTICLE{Hauge1974337,
author={Hauge, E.H.},
title={What one can learn from Lorentz models},
journal={Transport Phenomena},
year={1974},
volume={31},
pages={337-367},
note={cited By (since 1996)35},
}

@ARTICLE{Machta19853164,
author={Machta, J. and Moore, S.M.},
title={Diffusion and long-time tails in the overlapping Lorentz gas},
journal={Phys. Rev. A},
year={1985},
volume={32},
number={5},
pages={3164-3167},
note={cited By (since 1996)25},
}

@ARTICLE{Höfling2007,
author={Höfling, F. and Franosch, T.},
journal={Phys. Rev. Lett.},
year={2007},
volume={98},
note={cited By (since 1996)5},
}

@ARTICLE{Uńk2006,
author={Uńk, J.},
title={Compendium of the Foundations of Classical Statistical Physics},
journal={Philosophy of Science Archive},
year={2006},
note={cited By (since 1996)1},
}

@ARTICLE{Alder1983523,
author={Alder, B.J. and Alley, W.E.},
title={Decay of correlations in the Lorentz gas},
journal={Physica A},
year={1983},
volume={121},
number={3},
pages={523-530},
note={cited By (since 1996)10},
}

@ARTICLE{Dettmann2000775,
author={Dettmann, C.P. and Cohen, E.G.D.},
title={Microscopic chaos and diffusion},
journal={J. Stat. Mech.},
year={2000},
volume={101},
number={3-4},
pages={775-817},
note={cited By (since 1996)36},
}

@ARTICLE{Dettmann2001589,
author={Dettmann, C.P. and Cohen, E.G.D.},
title={Note on chaos and diffusion},
journal={J. Stat. Mech.},
year={2001},
volume={103},
number={3-4},
pages={589-599},
note={cited By (since 1996)12},
}

@ARTICLE{Li2002,
author={Li, B. and Wang, L. and Hu, B.},
title={Finite thermal conductivity in 1D models having zero Lyapunov exponents},
journal={Phys. Rev. Lett.},
year={2002},
volume={88},
number={22},
pages={223901/1-223901/4},
note={cited By (since 1996)68},
}

@ARTICLE{van Leeuwen1967457,
author={van Leeuwen, J.M.J. and Weijland, A.},
title={Non-analytic density behaviour of the diffusion coefficient of a Lorentz gas I. Divergencies in the expansion in powers in the density},
journal={Physica},
year={1967},
volume={36},
number={3},
pages={457-490},
note={cited By (since 1996)28},
}

@ARTICLE{Benenti2011466,
author={Benenti, G. and Casati, G.},
title={Increasing thermoelectric efficiency: Dynamical models unveil microscopic mechanisms},
journal={Philosophical Transactions of the Royal Society A: Mathematical, Physical and Engineering Sciences},
year={2011},
volume={369},
number={1935},
pages={466-481},
note={cited By (since 1996)8},
}

@ARTICLE{Kim2011,
author={Kim, K. and Miyazaki, K. and Saito, S.},
journal={J. Phys.: Condens. Matter},
year={2011},
volume={23},
note={cited By (since 1996)4},
}

@ARTICLE{Skinner2013,
author={Skinner, T.O.E. and Schnyder, S.K. and Aarts, D.G.A.L. and Horbach, J. and Dullens, R.P.A.},
title={Localization dynamics of fluids in random confinement},
journal={Phys. Rev. Lett.},
year={2013},
volume={111},
number={12},
art_number={128301},
note={cited By (since 1996)5},
}

@ARTICLE{Borghini2011124172,
author={Borghini, N. and Gombeaud, C.},
journal={J. Phys. G},
year={2011},
volume={38},
number={12},
pages={124172},
note={cited By (since 1996)1},
}

@ARTICLE{Kopelevich20034573,
author={Kopelevich, D.I. and Chang, H.-C.},
title={Nonthermal transport of small sorbates in zeolites: Chaotic dynamics and long jumps},
journal={Journal of Chemical Physics},
year={2003},
volume={119},
number={8},
pages={4573-4581},
}
