% Encoding: UTF-8

@Incollection{koch1990diffusion,
  author    = {Koch, A. L.},
  title     = {Diffusion the crucial process in many aspects of the biology of bacteria},
  booktitle = {{Advances in Microbial Ecology}},
  publisher = {Springer},
  year      = {1990},
  editor    = {Marshall, K .C.},
  pages     = {37--70},
  doi       = {10.1007/978-1-4684-7612-5},
}

@article{li2009sensitive,
  title={Sensitive dependence of the motion of a legged robot on granular media},
  author={Li, C. and Umbanhowar, P. B. and Komsuoglu, H. and Koditschek, D. E.
        and Goldman, D. I.},
  journal={Proc. Natl. Acad. Sci. USA},
  volume={106},
  pages={3029--3034},
  year={2009},
  doi= {10.1073/pnas.0809095106}
}

@article{li2013terradynamics,
  title={A terradynamics of legged locomotion on granular media},
  author={Li, C. and Zhang, T. and Goldman, D. I.},
  journal={Science},
  volume={339},
  pages={1408--1412},
  year={2013},
  DOI={10.1126/science.1229163}
}

@Article{saranli2001rhex,
  author  = {Saranli, U. and Buehler, M. and Koditschek, D. E.},
  title   = {{RHe}x: {A} simple and highly mobile hexapod robot},
  journal = {Int. J. Robot. Res.},
  year    = {2001},
  volume  = {20},
  pages   = {616--631},
  doi     = {10.1177/02783640122067570},
}

@Book{Stein12,
  title     = {{Transport And Diffusion Across Cell Membranes}},
  publisher = {Elsevier Science},
  year      = {1986},
  author    = {Stein, W.},
  isbn      = {9780323143202},
}

@Book{Cotton08chp11,
  Title                    = {{Chemical Applications of Group Theory}},
  Author                   = {Cotton, F. A.},
  Note                     = {Chapt. 11},
  Publisher                = {Wiley},
  Year                     = {2008},
  Address                  = {New York},
  Edition                  = {3},
  ISBN                     = {978-0-471-51094-9}
}

@Comment{jabref-meta: databaseType:bibtex;}
