% Encoding: UTF-8

@Article{feigen78,
  Title                    = {Quantitative universality for a class of nonlinear transformations},
  Author                   = {M. J. Feigenbaum},
  Journal                  = {J. Stat. Phys.},
  Year                     = {1978},
  Pages                    = {25--52},
  Volume                   = {19},
  DOI                      = {10.1007/BF01020332}
}

@Article{Feigenbaum87,
  Title                    = {Some characterizations of strange sets},
  Author                   = {Feigenbaum, M. J.},
  Journal                  = {J. Stat. Phys.},
  Year                     = {1987},
  Pages                    = {919--924},
  Volume                   = {46},
  DOI                      = {10.1007/BF01011148}
}

@Article{Feigenbaum88,
  Title                    = {Presentation functions, fixed points, and a theory of scaling function dynamics},
  Author                   = {Feigenbaum, M. J.},
  Journal                  = {J. Stat. Phys.},
  Year                     = {1988},
  Pages                    = {527--569},
  Volume                   = {52},
  DOI                      = {10.1007/BF01019716}
}

@Article{Feigenbaum88a,
  Title                    = {Presentation functions and scaling function theory for circle maps},
  Author                   = {M. J. Feigenbaum},
  Journal                  = {Nonlinearity},
  Year                     = {1988},
  Pages                    = {577--602},
  Volume                   = {1},
  DOI                      = {10.1088/0951-7715/1/4/005}
}

@InProceedings{FeigKen83,
  author =    {M. J. Feigenbaum and R. D. Kenway},
  title =     {The onset of chaos},
  booktitle = {{Statistical and Particle Physics: Common Problems and Techniques. Proc. 26th Scottish Universities Summer School in Physics}},
  year =      {1984},
  editor =    {Bowler, K. C. and McKane, A. J.},
  pages =     {1--100},
  address =   {Edinburgh},
  publisher = {SUSSP}
}

@Article{fpt,
  author  = {M. J. Feigenbaum and I. Procaccia and T. T{\'e}l},
  title   = {Scaling properties of multifractals as an eigenvalue problem},
  journal = {Phys. Rev. A},
  year    = {1989},
  volume  = {39},
  pages   = {5359--5372},
  doi     = {10.1103/PhysRevA.39.5359},
}

@Article{funceq2,
  Title                    = {The universal metric properties of nonlinear transformations},
  Author                   = {M. J. Feigenbaum},
  Journal                  = {J. Stat. Phys.},
  Year                     = {1979},
  Note                     = {Reprinted in \refref{cvt89b}},
  Pages                    = {669--706},
  Volume                   = {21},
  DOI                      = {10.1007/BF01107909}
}

@Article{FeKaSh82,
  author  = {M. J. Feigenbaum and L. P. Kadanoff and S. J. Shenker},
  title   = {Quasiperiodicity in dissipative systems: {A} renormalization group analysis},
  journal = {Physica D},
  year    = {1982},
  volume  = {5},
  pages   = {370--386},
  doi     = {10.1016/0167-2789(82)90030-6},
}

@Article{Feigenbaum_1982,
  author  = {M. J. Feigenbaum and L. P. Kadanoff and S. J. Shenker},
  title   = {Quasiperiodicity in dissipative systems: {A} renormalization group analysis},
  journal = {Physica D},
  year    = {1982},
  volume  = {5},
  pages   = {370--386},
  doi     = {10.1016/0167-2789(82)90030-6},
}

@Article{FeiLow71,
  author  = {Feigenbaum, M. and Low, F. E.},
  title   = {Current conservation and double-spectral representations for scattering of vector particles},
  journal = {Phys. Rev. D},
  year    = {1971},
  volume  = {4},
  pages   = {3738--3755},
  doi     = {10.1103/physrevd.4.3738},
}

@Misc{AviLyu15,
  author = {Avila, A. and Lyubich, M.},
  title  = {Lebesgue measure of Feigenbaum Julia sets},
  year   = {2015},
  url    = {https://arxiv.org/abs/1504.02986},
}

@Article{DudYam15,
  author  = {Dudko, A. and Yampolsky, M.},
  title   = {Poly-time computability of the {Feigenbaum Julia} set},
  journal = {Ergodic Theory and Dynamical Systems},
  year    = {2015},
  volume  = {36},
  pages   = {2441--2462},
  doi     = {10.1017/etds.2015.24},
}

@Misc{Feigenbaum08,
  author = {M. J. Feigenbaum},
  title  = {The theory of relativity - {Galileo's} child},
  year   = {2008},
  url    = {https://arxiv.org/abs/0806.1234},
}

@Article{AviLyu07,
  author  = {Avila, A. and Lyubich, M.},
  title   = {Hausdorff dimension and conformal measures of {Feigenbaum Julia} sets},
  journal = {J. Amer. Math. Soc.},
  year    = {2007},
  volume  = {21},
  pages   = {305--364},
  doi     = {10.1090/s0894-0347-07-00583-8},
}

@InCollection{Avilaa,
  author    = {Avila, A. and Lyubich, M.},
  title     = {Examples of {Feigenbaum Julia} sets with small {Hausdorff} dimension},
  booktitle = {{Dynamics on the Riemann Sphere}},
  publisher = {Euro. Math. Soc. Publishing House},
  year      = {2006},
  pages     = {71--87},
  doi       = {10.4171/011-1/3},
}

@Misc{Feigenbaum02,
  author = {M. J. Feigenbaum},
  title  = {Pattern selection: {Determined} by symmetry and modifiable by long-range effects},
  year   = {2002},
  url    = {https://arxiv.org/abs/cond-mat/0207690},
}

@Article{DFHP00,
  author  = {Davidovitch, B. and Feigenbaum, M. J. and Hentschel, H. G. E. and Procaccia, I.},
  title   = {Conformal dynamics of fractal growth patterns without randomness},
  journal = {Phys. Rev. E},
  year    = {2000},
  volume  = {62},
  pages   = {1706--1715},
  doi     = {10.1103/physreve.62.1706},
}

@Article{VdSFC97,
  author  = {Verberg, R. and de Schepper, I. M. and Feigenbaum, M. J. and Cohen, E. G. D.},
  title   = {Square root singularity in the viscosity of neutral colloidal suspensions at large frequencies},
  journal = {J. Stat. Phys.},
  year    = {1997},
  volume  = {87},
  pages   = {1037--1049},
  doi     = {10.1007/bf02181269},
}

@Article{FePrDa01,
  author  = {Feigenbaum, M. J. and Procaccia, I. and Davidovich, B.},
  title   = {Dynamics of finger formation in {Laplacian} growth without surface tension},
  journal = {J. Stat. Phys.},
  year    = {2001},
  volume  = {103},
  pages   = {973--1007},
  doi     = {10.1023/a:1010313106449},
}

@Article{Feigenbaum82,
  author  = {Feigenbaum, M. J.},
  title   = {Reflections of the {Polish} masters: {An} interview with {Stan Ulam} and {Mark Kac}},
  journal = {Los Alamos Science},
  year    = {1982},
  volume  = {39},
  pages   = {54--65},
}

@Book{cvt89b,
  title     = {{Universality in Chaos}},
  publisher = {Adam Hilger},
  year      = {1989},
  author    = {P. Cvitanovi{\'c}},
  address   = {Bristol},
  edition   = {2},
  doi       = {10.1201/9780203734636},
}

@Article{Barbaro07,
  author  = {G. Barbaro},
  title   = {Formal solutions of the {Cvitanovi{\'c}-Feigenbaum} equation},
  journal = {Int. J. Bifur. Chaos},
  year    = {2007},
  volume  = {17},
  pages   = {3275--3280},
  doi     = {10.1142/s0218127407019020},
}

@Article{Briggs89,
  author  = {Briggs, K.},
  title   = {How to calculate the {Feigenbaum} constants on your {PC}},
  journal = {Austral. Math. Soc. Gaz.},
  year    = {1989},
  volume  = {16},
  pages   = {89â€“92},
}

@Article{Briggs91,
  author  = {Briggs, K.},
  title   = {A precise calculation of the {Feigenbaum} constants},
  journal = {Mathematics of Computation},
  year    = {1991},
  volume  = {57},
  pages   = {435--439},
  doi     = {10.1090/S0025-5718-1991-1079009-6},
}

@Article{BDS98,
  author  = {Briggs, K. M. and Dixon, T. W. and Szekeres, G.},
  title   = {Analytic solutions of the {Cvitanovi{\'c}-Feigenbaum} and {Feigenbaum-Kadanoff-Shenker} equations},
  journal = {Int. J. Bifur. Chaos},
  year    = {1998},
  volume  = {8},
  pages   = {347--357},
  doi     = {10.1142/S0218127498000206},
}

@Misc{Broadhurst99,
  author = {D. Broadhurst},
  title  = {Feigenbaum constants to 1018 decimal places},
  year   = {1999},
  url    = {http://www.plouffe.fr/simon/constants/feigenbaum.txt},
}

@Article{Buff99,
  author  = {X. Buff},
  title   = {Geometry of the {Feigenbaum} map},
  journal = {Conform. Geom. Dyn.},
  year    = {1999},
  volume  = {3},
  pages   = {79--101},
  doi     = {10.1090/S1088-4173-99-00031-4},
}

@Article{CamEps81,
  author  = {Campanino, M. and Epstein, H.},
  title   = {On the existence of {Feigenbaum's} fixed point},
  journal = {Commun. Math. Phys.},
  year    = {1981},
  volume  = {79},
  pages   = {261--302},
  doi     = {10.1007/BF01942063},
}

@Article{CaEpRu82,
  author  = {M. Campanino and H. Epstein and D. Ruelle},
  title   = {On {Feigenbaum}'s functional equation {$g \circ g(\lambda x) + \lambda g(x) = 0$}},
  journal = {Topology},
  year    = {1982},
  volume  = {21},
  pages   = {125--129},
  doi     = {10.1016/0040-9383(82)90001-5},
}

@Article{EpsLas81,
  author  = {Epstein, H. and Lascoux, J.},
  title   = {Analyticity properties of the {Feigenbaum} function},
  journal = {Commun. Math. Phys.},
  year    = {1981},
  volume  = {81},
  doi     = {10.1007/BF01209078},
}

@Article{FrKhaMa03,
  author  = {Frisch, U. and Khanin, K. and Matsumoto, T.},
  title   = {Multifractality of the {Feigenbaum} attractor and fractional derivatives},
  journal = {J. Stat. Phys.},
  year    = {2005},
  volume  = {121},
  pages   = {671--695},
  doi     = {10.1007/s10955-005-7011-4},
}

@Article{GrMaViFe81,
  author  = {J. M. Greene and R. S. MacKay and F. Vivaldi and M. J. Feigenbaum},
  title   = {Universal behaviour in families of area-preserving maps},
  journal = {Physica D},
  year    = {1981},
  volume  = {3},
  pages   = {468--486},
  doi     = {10.1016/0167-2789(81)90034-8},
}

@Article{KuzOsb02,
  author  = {P. Kuznetsov and A. H. Osbaldestin},
  title   = {Generalized dimensions of {Feigenbaum}'s attractor from renormalization-group functional equations},
  journal = {Regul. Chaotic. Dyn.},
  year    = {2002},
  volume  = {7},
  pages   = {32--330},
  doi     = {10.1070/RD2002v007n03ABEH000214},
}

@InProceedings{KuKuSa05,
  author    = {Kuznetsov, S. P. and Kuznetsov, A. P. and Sataev, I .R.},
  title     = {Review and examples of non-{Feigenbaum} critical situations associated with period-doubling},
  booktitle = {{Physics and Control, 2005 Internat. Conference Proc.}},
  year      = {2005},
  pages     = {610--615},
  doi       = {10.1109/PHYCON.2005.1514057},
}

@Article{Lanford82S,
  author  = {{Lanford}, O. E.},
  title   = {A computer-assisted proof of the {Feigenbaum} conjectures},
  journal = {Bull. Amer. Math. Soc.},
  year    = {1982},
  volume  = {6},
  pages   = {427--434},
  doi     = {10.1090/S0273-0979-1982-15008-X},
}

@Article{Lyubich99,
  author  = {Lyubich, M.},
  title   = {{Feigenbaum-Coullet-Tresser} universality and {Milnor}'s hairiness conjecture},
  journal = {Ann. Math.},
  year    = {1999},
  volume  = {149},
  pages   = {319--420},
  doi     = {10.2307/120968},
}

@Misc{Mathar10,
  author = {Mathar, R. J.},
  title  = {{Chebyshev} series representation of {Feigenbaum's} period-doubling function},
  year   = {2010},
  url    = {https://arxiv.org/abs/1008.4608},
}

@Misc{Molteni16,
  author = {Molteni, A.},
  title  = {An efficient method for the computation of the {Feigenbaum} constants to high precision},
  year   = {2016},
  url    = {http://arxiv.org/abs/1602.02357},
}

@Article{OlLe11,
  author  = {Oliveira, D. F. M. and Leonel, E. D.},
  title   = {The {Feigenbaum}'s {$\delta$} for a high dissipative bouncing ball model},
  journal = {Brazilian J. Physics},
  year    = {2011},
  volume  = {38},
  pages   = {62--64},
  url     = {https://arxiv.org/abs/1101.4596},
}

@Article{Pollicott91,
  author  = {Pollicott, M.},
  title   = {A note on the {Artuso-Aurell-Cvitanovi{\'c}} approach to the {Feigenbaum} tangent operator},
  journal = {J. Stat. Phys.},
  year    = {1991},
  volume  = {62},
  pages   = {257--267},
  doi     = {10.1007/BF01020869},
}

@Article{Sezgin06,
  author  = {F. Sezgin and T. M. Sezgin},
  title   = {On the statistical analysis of {Feigenbaum} constants},
  journal = {J. Franklin Institute},
  year    = {2006},
  volume  = {343},
  pages   = {756--758},
  doi     = {10.1016/j.jfranklin.2006.10.004},
}

@Article{Tsygvintsev_2002,
  author  = {A. V. Tsygvintsev and B. D. Mestel and A. H. Osbaldestin},
  title   = {Continued fractions and solutions of the {Feigenbaum-Cvitanovi{\'{c}}} equation},
  journal = {Compt. Rend. Acad. Sci., Math. (Paris)},
  year    = {2002},
  volume  = {334},
  pages   = {683--688},
  doi     = {10.1016/s1631-073x(02)02330-0},
}

@Article{VulKha82,
  author  = {E. B. Vul and K. M. Khanin},
  title   = {The unstable separatrix of {Feigenbaum}'s fixed-point},
  journal = {Russ. Math. Surv.},
  year    = {1982},
  volume  = {37},
  pages   = {200--201},
  doi     = {10.1070/RM1982v037n05ABEH004046},
}

@Article{VuSiKh84,
  author  = {Vul, E. B. and Sinai, Ya. G. and K. M. Khanin},
  title   = {Feigenbaum universality and the thermodynamic formalism},
  journal = {Russ. Math. Surv.},
  year    = {1984},
  volume  = {39},
  pages   = {1--40S},
  doi     = {10.1070/RM1984v039n03ABEH003162},
}

@Misc{mathwFeigF,
  author    = {Weisstein, E. W.},
  title     = {Feigenbaum function},
  year      = {2012},
  publisher = {Wolfram MathWorld},
  url       = {http://mathworld.wolfram.com/FeigenbaumFunction.html},
}

@Misc{WeissFeig,
  author    = {Weisstein, E. W.},
  title     = {Feigenbaum constant},
  year      = {2012},
  publisher = {Wolfram MathWorld},
  url       = {http://mathworld.wolfram.com/FeigenbaumConstant.html},
}

@Article{WeOv94,
  author  = {Wells, A. L. J. and Overill, R. E.},
  title   = {The extension of the {Feigenbaum-Cvitanovi{\'c}} function to the complex plane},
  journal = {Int. J. Bifur. Chaos},
  year    = {1994},
  volume  = {4},
  pages   = {1041--1051},
  doi     = {10.1142/s0218127494000757},
}

@Article{feigen79scal,
  author  = {M. J. Feigenbaum},
  title   = {The onset spectrum of turbulence},
  journal = {Phys. Lett. A},
  year    = {1979},
  volume  = {74},
  pages   = {375--378},
  doi     = {10.1016/0375-9601(79)90227-5},
}

@Article{FeHa82,
  author  = {M. J. Feigenbaum and B. Hasslacher},
  title   = {Irrational decimations and path-integrals for external noise},
  journal = {Phys. Rev. Lett.},
  year    = {1982},
  volume  = {49},
  pages   = {605--609},
  doi     = {10.1103/PhysRevLett.49.605},
}

@Article{Feigenbaum83,
  author  = {Feigenbaum, M. J.},
  title   = {Universal behavior in nonlinear systems},
  journal = {Physica D},
  year    = {1983},
  volume  = {7},
  pages   = {16--39},
  doi     = {10.1016/0167-2789(83)90112-4},
}

@InCollection{BrPiPa95IIIFeig,
  author    = {Feigenbaum, M. J.},
  title     = {Computer-generated physics},
  booktitle = {{Twentieth Century Physics}},
  publisher = {Amer. Inst. of Physics Press},
  year      = {1995},
  editor    = {Brown, L. and Pippard, B. and Pais, A.},
  volume    = {3},
  pages     = {1823--1853},
  isbn      = {9781420050776},
}

@Article{cvitanovic1984universality,
  author  = {Cvitanovi{\'c}, P.},
  title   = {Universality in chaos (or, {Feigenbaum} for cyclists)},
  journal = {Acta Phys. Pol. A},
  year    = {1984},
  volume  = {65},
  pages   = {203--239},
}

@Article{Groen86,
  author  = {J. Groeneveld},
  title   = {On constructing complete solution classes of the {Cvitanovi{\'c}-Feigenbaum} equation},
  journal = {Physica A},
  year    = {1986},
  volume  = {138},
  pages   = {137--166},
  doi     = {10.1016/0378-4371(86)90177-9},
}

@Article{coppersmith:52,
  author  = {S. N. Coppersmith},
  title   = {A simpler derivation of {Feigenbaum}'s renormalization group equation for the period-doubling bifurcation sequence},
  journal = {Amer. J. Physics},
  year    = {1999},
  volume  = {67},
  pages   = {52--54},
  doi     = {10.1119/1.19190},
}

@InBook{Pais00,
  chapter   = {{Mitchell Jay Feigenbaum}},
  pages     = {84--104},
  title     = {{The Genius of Science: A Portrait Gallery}},
  publisher = {Oxford Univ. Press},
  year      = {2000},
  author    = {Pais, A.},
  isbn      = {9780198506140},
}

@Article{Feigenbaum85,
  author  = {Feigenbaum, M. J.},
  title   = {An interview with {Stan Ulam} and {Mark Kac}},
  journal = {J. Stat. Phys.},
  year    = {1985},
  volume  = {39},
  pages   = {455--476},
  doi     = {10.1007/bf01008345},
}

@Comment{jabref-meta: databaseType:bibtex;}
