% reducesymm/bibtex/linresp.bib
% $Author: xiong $
% $Date: 2014-11-10 22:09:08 -0500 (Mon, 10 Nov 2014) $

% bibtex entries specific to  linresp/ article  2015-10-14
% Predrag will eventually move them to
%       svn repo  siminos/bibtex/siminos.bib


@ARTICLE{RoMo08a,
  author = {{Robinson}, D. J. and {Morriss}, G. P.},
  title = {{Lyapunov} mode dynamics in hard-disk systems},
  journal = {J. Stat. Phys.},
  year = {2008},
  volume = {131},
  pages = {1-31},
  note = {\arXiv{0709.3143}},
  doi = {10.1007/s10955-007-9473-z}
}
