% Encoding: UTF-8


@Article{AACI,
  Title                    = {Recycling of strange sets: {I. Cycle} expansions},
  Author                   = {Artuso, R. and Aurell, E. and Cvitanovi{\'c}, P.},
  Journal                  = {Nonlinearity},
  Year                     = {1990},
  Pages                    = {325--359},
  Volume                   = {3},
  DOI                      = {10.1088/0951-7715/3/2/005}
}

@Article{AACII,
  Title                    = {Recycling of strange sets: {II. Applications}},
  Author                   = {Artuso, R. and Aurell, E. and Cvitanovi{\'c}, P.},
  Journal                  = {Nonlinearity},
  Year                     = {1990},
  Pages                    = {361--386},
  Volume                   = {3},
  DOI                      = {10.1088/0951-7715/3/2/006}
}

@Article{ACHKW11,
  Title                    = {Revealing the state space of turbulent pipe flow by symmetry reduction},
  Author                   = {Willis, A. P. and Cvitanovi{\'c}, P. and Avila, M.},
  Journal                  = {J. Fluid Mech.},
  Year                     = {2013},
  Addendum                 = {\arXiv{1203.3701}},
  Pages                    = {514--540},
  Volume                   = {721},
  DOI                      = {10.1017/jfm.2013.75}
}

@Article{ACK89,
  Title                    = {Phase transitions on strange irrational sets},
  Author                   = {Artuso, R. and Cvitanovi{\'c}, P. and Kenny, B. G.},
  Journal                  = {Phys. Rev. A},
  Year                     = {1989},
  Pages                    = {268--281},
  Volume                   = {39},
  DOI                      = {10.1103/PhysRevA.39.268}
}

@Book{ArCvCa91,
  Title                    = {{Chaos, Order, and Patterns}},
  Author                   = {Artuso, R. and Cvitanovi{\'c}, P. and Casati, G.},
  Publisher                = {Plenum},
  Year                     = {1991},
  Address                  = {New York},
  DOI                      = {10.1007/978-1-4757-0172-2},
  Series                   = {NATO ASI Series B, Physics},
  Volume                   = {280}
}

@Article{art03int,
  Title                    = {Cycle expansions for intermittent maps},
  Author                   = {Artuso, R. and Cvitanovi{\'c}, P. and Tanner, G.},
  Journal                  = {Proc. Theo. Phys. Supp.},
  Year                     = {2003},
  Pages                    = {1--21},
  Volume                   = {150},
  DOI                      = {10.1143/PTPS.150.1}
}

@Article{atlas12,
  Title                    = {Cartography of high-dimensional flows: {A} visual guide to sections and slices},
  Author                   = {Cvitanovi{\'c}, P. and Borrero-Echeverry, D. and Carroll, K. M. and Robbins, B. and Siminos, E.},
  Journal                  = {Chaos},
  Year                     = {2012},
  Addendum                 = {\arXiv{1209.4915}},
  Pages                    = {047506},
  Volume                   = {22},
  DOI                      = {10.1063/1.4758309}
}

@Article{BCISV93,
  Title                    = {Advection of vector fields by chaotic flows},
  Author                   = {Balmforth, N. J. and Cvitanovi{\'c}, P. and Ierley, G. R. and Spiegel, E. A. and Vattay, G.},
  Journal                  = {Ann. New York Acad. Sci.},
  Year                     = {1993},
  Pages                    = {148--160},
  Volume                   = {706},
  DOI                      = {10.1111/j.1749-6632.1993.tb24687.x}
}

@Article{BoCvJe88,
  Title                    = {Fractal ``aggregates" in the complex plane},
  Author                   = {Bohr, T. and Cvitanovi{\'c}, P. and Jensen, M. H.},
  Journal                  = {Europhysics Lett.},
  Year                     = {1988},
  Pages                    = {445--450},
  Volume                   = {6},
  DOI                      = {10.1209/0295-5075/6/5/012}
}

@Article{BohCvi87,
  Title                    = {Chaos is good news for physics},
  Author                   = {Bohr, T. and Cvitanovi{\'c}, P.},
  Journal                  = {Nature},
  Year                     = {1987},
  Number                   = {6138},
  Pages                    = {391--392},
  Volume                   = {329},
  URL                      = {http://www.nature.com/nature/journal/v329/n6138/pdf/329391a0.pdf}
}

@Article{BuBoCvSi14,
  Title                    = {Periodic orbit analysis of a system with continuous symmetry - {A} tutorial},
  Author                   = {Budanur, N. B. and Borrero-Echeverry, D. and Cvitanovi{\'c}, P.},
  Journal                  = {Chaos},
  Year                     = {2015},
  Addendum                 = {\arXiv{1411.3303}},
  Pages                    = {073112},
  Volume                   = {25},
  DOI                      = {10.1063/1.4923742}
}

@Article{BudCvi14,
  author  = {Budanur, N. B. and Cvitanovi{\'c}, P. and Davidchack, R. L. and Siminos, E.},
  title   = {Reduction of the {SO(2)} symmetry for spatially extended dynamical systems},
  journal = {Phys. Rev. Lett.},
  year    = {2015},
  volume  = {114},
  pages   = {084102},
  doi     = {10.1103/PhysRevLett.114.084102},
}

@Article{BudCvi15,
  author  = {Budanur, N. B. and Cvitanovi\'c, P.},
  title   = {Unstable manifolds of relative periodic orbits in the symmetry-reduced state space of the {Kuramoto-Sivashinsky} system},
  journal = {J. Stat. Phys.},
  year    = {2015},
  volume  = {167},
  pages   = {636--655},
  doi     = {10.1007/s10955-016-1672-z},
}

@Misc{C77,
  Title                    = {Classical and exceptional {Lie} algebras as invariance algebras},
  Author                   = {P. Cvitanovi{\'c}},
  Note                     = {{Oxford} {Univ.} preprint 40/77, unpublished.},
  Year                     = {1977},
  URL                      = {http://birdtracks.eu/refs/OxfordPrepr.pdf}
}

@Article{carl97int,
  author  = {Dettmann, C. P. and Cvitanovi{\'c}, P.},
  title   = {Cycle expansions for intermittent diffusion},
  journal = {Phys. Rev. E},
  year    = {1997},
  volume  = {56},
  pages   = {6687--6692},
  doi     = {10.1103/PhysRevE.56.6687},
}

@Article{CC92,
  Title                    = {Periodic orbit quantization of the anisotropic {Kepler} problem},
  Author                   = {F. Christiansen and P. Cvitanovi{\'c}},
  Journal                  = {Chaos},
  Year                     = {1992},
  Pages                    = {61--69},
  Volume                   = {2},
  DOI                      = {10.1063/1.165899}
}

@Article{CCR,
  Title                    = {The spectrum of the period-doubling operator in terms of cycles},
  Author                   = {Christiansen, F. and Cvitanovi{\'c}, P. and Rugh, H. H.},
  Journal                  = {J. Phys. A},
  Year                     = {1999},
  Pages                    = {713--717},
  Volume                   = {23},
  DOI                      = {10.1088/0305-4470/23/14/005}
}

@Article{CE89,
  Title                    = {Periodic orbit quantization of chaotic systems},
  Author                   = {Cvitanovi{\'c}, P. and Eckhardt, B.},
  Journal                  = {Phys. Rev. Lett.},
  Year                     = {1989},
  Pages                    = {823--826},
  Volume                   = {63},
  DOI                      = {10.1103/PhysRevLett.63.823}
}

@Article{CE91,
  Title                    = {Periodic orbit expansions for classical smooth flows},
  Author                   = {Cvitanovi{\'c}, P. and B. Eckhardt},
  Journal                  = {J. Phys. A},
  Year                     = {1991},
  Pages                    = {L237--L241},
  Volume                   = {24},
  DOI                      = {10.1088/0305-4470/24/5/005}
}

@InCollection{CERRS,
  author    = {B. Eckhardt and G. Russberg and P. Cvitanovi{\'c} and P. E. Rosenqvist and P. Scherer},
  booktitle = {Quantum Chaos: Between Order and Disorder},
  publisher = {Cambridge Univ. Press},
  title     = {Pinball scattering},
  year      = {1995},
  address   = {Cambridge},
  editor    = {G. Casati and B. Chirikov},
  isbn      = {9780521031660},
  pages     = {483},
  url       = {http://chaosbook.org/~predrag/papers/preprints.html#CERRS},
}

@Article{CFTsketch,
  Title                    = {{Chaotic Field Theory}: {A} sketch},
  Author                   = {Cvitanovi{\'c}, P.},
  Journal                  = {Physica A},
  Year                     = {2000},
  Pages                    = {61--80},
  Volume                   = {288},
  DOI                      = {10.1016/S0378-4371(00)00415-5}
}

@Article{CGS92,
  Title                    = {Investigation of the {Lorentz} gas in terms of periodic orbits},
  Author                   = {Cvitanovi{\'c}, P. and Gaspard, P. and Schreiber, T.},
  Journal                  = {Chaos},
  Year                     = {1992},
  Pages                    = {85--90},
  Volume                   = {2},
  DOI                      = {10.1063/1.165902}
}

@Article{CGV,
  author  = {Cvitanovi{\'c}, P. and Gunaratne, G. H. and Vinson, M. J.},
  title   = {On the mode-locking universality for critical circle maps},
  journal = {Nonlinearity},
  year    = {1990},
  volume  = {3},
  pages   = {873--885},
  doi     = {10.1088/0951-7715/3/3/015},
}

@Article{CHAOS92,
  Title                    = {Periodic orbit theory in classical and quantum mechanics},
  Author                   = {Cvitanovi{\'c}, P.},
  Journal                  = {Chaos},
  Year                     = {1992},
  Pages                    = {1--4},
  Volume                   = {2},
  DOI                      = {10.1063/1.165921}
}

@Article{Chr89,
  Title                    = {Kaos for cyklister},
  Author                   = {F. Christiansen},
  Journal                  = {Gamma},
  Year                     = {1989},
  Month                    = dec,
  Volume                   = {78}
}

@Article{Christiansen97,
  Title                    = {Hopf's last hope: {Spatiotemporal} chaos in terms of unstable recurrent patterns},
  Author                   = {F. Christiansen and P. Cvitanovi{\'c} and V. Putkaradze},
  Journal                  = {Nonlinearity},
  Year                     = {1997},
  Addendum                 = {\arXiv{chao-dyn/9606016}},
  Pages                    = {55--70},
  Volume                   = {10},
  DOI                      = {10.1088/0951-7715/10/1/004}
}

@Article{CHRV98,
  Title                    = {Beyond the periodic orbit theory},
  Author                   = {Cvitanovi{\'c}, P. and Hansen, Kim and Rolf, J. and Vattay, G.},
  Journal                  = {Nonlinearity},
  Year                     = {1998},
  Addendum                 = {\arXiv{chao-dyn/9712002}},
  Pages                    = {1209--1232},
  Volume                   = {11},
  DOI                      = {10.1088/0951-7715/11/5/003}
}

@Article{CK82,
  Title                    = {Spinors in negative dimensions},
  Author                   = {Cvitanovi{\'c}, P. and Kennedy, A. D.},
  Journal                  = {Phys. Scr.},
  Year                     = {1982},
  Pages                    = {5--14},
  Volume                   = {26},
  DOI                      = {10.1088/0031-8949/26/1/001}
}

@Article{conjug_Fred,
  Title                    = {Trace formulae for stochastic evolution operators: {Smooth} conjugation method},
  Author                   = {P. Cvitanovi{\'c} and C. P. Dettmann and R. Mainieri and G. Vattay},
  Journal                  = {Nonlinearity},
  Year                     = {1999},
  Addendum                 = {\arXiv{chao-dyn/9811003}},
  Pages                    = {939},
  Volume                   = {12},
  DOI                      = {10.1088/0951-7715/12/4/312}
}

@Article{coppersmith:52,
  author  = {S. N. Coppersmith},
  title   = {A simpler derivation of {Feigenbaum}'s renormalization group equation for the period-doubling bifurcation sequence},
  journal = {Amer. J. Physics},
  year    = {1999},
  volume  = {67},
  pages   = {52--54},
  doi     = {10.1119/1.19190},
}

@Inproceedings{CR93,
  author       = {Cvitanovi{\'c}, P. and Rosenqvist, P. E.},
  title        = {A new determinant for quantum chaos},
  booktitle    = {From Classical to Quantum Chaos},
  year         = {1993},
  editor       = {G. F. Dell'Antonio, S. Fantoni and V. R. Manfredi},
  volume       = {41},
  pages        = {57--64},
  address      = {Bologna},
  organization = {Soc. Italiana di Fisica Conf. Proceed.},
  publisher    = {Ed. Compositori},
  url          = {https://arXiv.org/abs/chao-dyn/9304003},
}

@Article{CSS85,
  Title                    = {Scaling laws for mode lockings in circle maps},
  Author                   = {P. Cvitanovi{\'c} and B. Shraiman and B. S\"oderberg},
  Journal                  = {Phys. Scr.},
  Year                     = {1985},
  Pages                    = {263--270},
  Volume                   = {32},
  DOI                      = {10.1088/0031-8949/32/4/003}
}

@Article{CV93,
  author  = {Cvitanovi{\'c}, P. and Vattay, G.},
  title   = {Entire {Fredholm} determinants for evaluation of semi-classical and thermodynamical spectra},
  journal = {Phys. Rev. Lett.},
  year    = {1993},
  volume  = {71},
  pages   = {4138--4141},
  doi     = {10.1103/PhysRevLett.71.4138},
}

@Misc{Cvi07,
  author = {P. Cvitanovi{\'c}},
  title  = {Continuous symmetry reduced trace formulas},
  year   = {2007},
  url    = {http://ChaosBook.org/~predrag/papers/Cvi07.pdf},
}

@Article{Cvi74,
  Title                    = {Wide-angle behavior of a double-scattering diagram},
  Author                   = {Cvitanovi{\'c}, P.},
  Journal                  = {Phys. Rev. D},
  Year                     = {1974},
  Pages                    = {338--340},
  Volume                   = {10},
  DOI                      = {10.1103/PhysRevD.10.338}
}

@Article{Cvi85,
  Title                    = {Farey organization of the {Fractional Hall Effect}},
  Author                   = {Cvitanovi{\'c}, P.},
  Journal                  = {Phys. Scr.},
  Year                     = {1985},
  Pages                    = {202},
  Volume                   = {T9},
  DOI                      = {10.1088/0031-8949/1985/T9/033}
}

@InProceedings{Cvi92,
  Title                    = {The power of chaos},
  Author                   = {Cvitanovi{\'c}, P.},
  Booktitle                = {Applied chaos},
  Year                     = {1992},
  Address                  = {New York},
  Editor                   = {J. H. Kim and J. Stringer},
  Organization             = {EPRI workshop},
  Publisher                = {John Wiley \& Sons},
  ISBN                     = {9780471544531},
  URL                      = {http://chaosbook.org/~predrag/papers/preprints.html#epri}
}

@Article{CviGib10,
  Title                    = {Geometry of turbulence in wall-bounded shear flows: {Periodic} orbits},
  Author                   = {Cvitanovi{\'c}, P. and Gibson, J. F.},
  Journal                  = {Phys. Scr. T},
  Year                     = {2010},
  Pages                    = {014007},
  Volume                   = {142},
  DOI                      = {10.1088/0031-8949/2010/T142/014007}
}

@Article{CviGreLau81,
  Title                    = {The cross-over points in lattice gauge theories with continuous gauge groups},
  Author                   = {Cvitanovi{\'c}, P. and Greensite, J. and Lautrup, B.},
  Journal                  = {Phys. Lett. B},
  Year                     = {1981},
  Pages                    = {197--200},
  Volume                   = {105},
  DOI                      = {10.1016/0370-2693(81)91020-0}
}

@Article{CviHor80,
  Title                    = {Exact solutions of the {Altarelli-Parisi} equations},
  Author                   = {Cvitanovi{\'c}, P. and Horsley, R},
  Journal                  = {Nucl. Phys. B},
  Year                     = {1980},
  Pages                    = {229--243},
  Volume                   = {173},
  DOI                      = {10.1016/0550-3213(80)90216-3}
}

@Article{CviHoyKon79,
  Title                    = {Partons and branching},
  Author                   = {Cvitanovi{\'c}, P. and Hoyer, P., Konishi, K.},
  Journal                  = {Phys. Lett. B},
  Year                     = {1979},
  Pages                    = {413--416},
  Volume                   = {85},
  DOI                      = {10.1016/0370-2693(79)91285-1}
}

@Article{CviKin72,
  Title                    = {Sixth-order radiative corrections to the electron magnetic moment},
  Author                   = {Kinoshita, T. and Cvitanovi{\'c}, P.},
  Journal                  = {Phys. Rev. Lett.},
  Year                     = {1972},
  Pages                    = {1534--1537},
  Volume                   = {29},
  DOI                      = {10.1103/PhysRevLett.29.1534}
}

@Article{CviKin74a,
  Title                    = {{Feynman-Dyson} rules in parametric space},
  Author                   = {Cvitanovi{\'c}, P. and Kinoshita, T.},
  Journal                  = {Phys. Rev. D},
  Year                     = {1974},
  Pages                    = {3978--3991},
  Volume                   = {10},
  DOI                      = {10.1103/PhysRevD.10.3978}
}

@Article{CviKin74b,
  Title                    = {New approach to the separation of ultraviolet and infrared divergences of {Feynman}-parametric integrals},
  Author                   = {Cvitanovi{\'c}, P. and Kinoshita, T.},
  Journal                  = {Phys. Rev. D},
  Year                     = {1974},
  Pages                    = {3991--4006},
  Volume                   = {10},
  DOI                      = {10.1103/PhysRevD.10.3991}
}

@Article{CviKin74c,
  Title                    = {Sixth-order magnetic moment of the electron},
  Author                   = {Cvitanovi{\'c}, P. and Kinoshita, T.},
  Journal                  = {Phys. Rev. D},
  Year                     = {1974},
  Pages                    = {4007--4031},
  Volume                   = {10},
  DOI                      = {10.1103/PhysRevD.10.4007},
  Publisher                = {APS}
}

@InProceedings{CviLip12,
  Title                    = {Knowing when to stop: {How} noise frees us from determinism},
  Author                   = {P. Cvitanovi{\'c} and D. Lippolis},
  Booktitle                = {Let's Face Chaos through Nonlinear Dynamics},
  Year                     = {2012},
  Address                  = {Melville, New York},
  Editor                   = {M. Robnik and V. G. Romanovski},
  Pages                    = {82--126},
  Publisher                = {Am. Inst. of Phys.},
  Addendum                 = {\arXiv{1206.5506}},
  DOI                      = {10.1063/1.4745574}
}

@Article{CviMyr89,
  author  = {Cvitanovi{\'c}, P. and Myrheim, J.},
  title   = {Complex universality},
  journal = {Commun. Math. Phys.},
  year    = {1989},
  volume  = {121},
  pages   = {225--254},
  doi     = {10.1007/BF01217804},
}

@Article{CviPik93,
  Title                    = {Cycle expansion for power spectrum},
  Author                   = {Cvitanovic, P. and Pikovsky, A.},
  Journal                  = {Proc. SPIE},
  Year                     = {1993},
  Pages                    = {290--298},
  Volume                   = {2038},
  Abstract                 = {A cycle expansion method is applied to the calculation of a
power spectrum of chaotic one- dimensional maps. It is shown that the
broad-band part of the spectrum can be represented as a diffusion
constant of some auxiliary process, and this constant is then represented
in terms of periodic orbits. Accuracy of the method is also considered.},
  DOI                      = {10.1117/12.162683}
}

@Mastersthesis{Cvit69,
  Title                    = {Measurement of diffusion coefficients of ribosomes by light mixing spectroscopy},
  Author                   = {Cvitanovi{\'c}, P.},
  Year                     = {1969},
  Institution              = {MIT Dept. of Physics, B.S. Thesis},
  URL                      = {http://library.mit.edu/item/000599428}
}

@Article{Cvit77b,
  Title                    = {Asymptotic estimates and gauge invariance},
  Author                   = {Cvitanovi{\'c}, P.},
  Journal                  = {Nucl. Phys. {B}},
  Year                     = {1977},
  Pages                    = {176--188},
  Volume                   = {127},
  DOI                      = {10.1016/0550-3213(77)90357-1}
}

@Article{CvitaEckardt,
  Title                    = {Symmetry decomposition of chaotic dynamics},
  Author                   = {Cvitanovi{\'c}, P. and Eckhardt, B.},
  Journal                  = {Nonlinearity},
  Year                     = {1993},
  Addendum                 = {\arXiv{chao-dyn/9303016}},
  Pages                    = {277--311},
  Volume                   = {6},
  DOI                      = {10.1088/0951-7715/6/2/008}
}

@Article{Cvitanovic19783881,
  Title                    = {Color-charge algebras in {Adler}'s chromodynamics},
  Author                   = {Cvitanovi{\'c}, P. and Gonsalves, R.J. and Neville, D.E.},
  Journal                  = {Phys. Rev. D},
  Year                     = {1978},
  Pages                    = {3881--3884},
  Volume                   = {18},
  DOI                      = {10.1103/PhysRevD.18.3881}
}

@Article{Cvitanovic1980429,
  Title                    = {Parton evolution as a branching process},
  Author                   = {Cvitanovi{\'c}, P. and Hoyer, P., Zalewski, K.},
  Journal                  = {Nucl. Phys. B},
  Year                     = {1980},
  Pages                    = {429--448},
  Volume                   = {176},
  DOI                      = {10.1016/0550-3213(80)90461-7}
}

@Article{cvitanovic1984universality,
  author  = {Cvitanovi{\'c}, P.},
  title   = {Universality in chaos (or, {Feigenbaum} for cyclists)},
  journal = {Acta Phys. Pol. A},
  year    = {1984},
  volume  = {65},
  pages   = {203--239},
}

@InCollection{PhasTrans,
  author    = {Cvitanovi{\'c}, P.},
  booktitle = {{XV International Colloquium on Group Theoretical Methods in Physics}},
  publisher = {World Scientific},
  title     = {Hausdorff dimension of irrational windings},
  year      = {1987},
  address   = {Singapore},
  editor    = {Gilmore, R.},
  isbn      = {9971503395},
}

@InCollection{NotoNATO,
  author    = {Cvitanovi{\'c}, P.},
  booktitle = {{Nonlinear Evolution and Chaotic Phenomena}},
  publisher = {Springer},
  title     = {Phase transitions on strange sets},
  year      = {1988},
  address   = {New York},
  editor    = {Gallavotti, G. and Zweifel, P. F.},
  pages     = {37--54},
  volume    = {176},
  doi       = {10.1007/978-1-4613-1017-4_4},
}

@Article{Cvitanovic1995109,
  Title                    = {Dynamical averaging in terms of periodic orbits},
  Author                   = {Cvitanovi{\'c}, P.},
  Journal                  = {Physica D},
  Year                     = {1995},
  Pages                    = {109--123},
  Volume                   = {83},
  DOI                      = {10.1016/0167-2789(94)00256-P}
}

@Incollection{cvitanovic2007tracks,
  Title                    = {Tracks, {Lie}'s, and exceptional magic},
  Author                   = {Cvitanovi{\'c}, P.},
  Booktitle                = {Frontiers in Number Theory, Physics, and Geometry II: On Conformal Field Theories, Discrete Groups and Renormalization},
  Publisher                = {Springer},
  Year                     = {2007},
  Address                  = {New York},
  Editor                   = {Julia, B. and Cartier, P. and Vanhove, P. and Moussa, P.},
  Pages                    = {133--160},
  DOI                      = {10.1007/978-3-540-30308-4_3}
}

@Article{Cvitanovic2008,
  Title                    = {Introduction: {Fifth} annual gallery of nonlinear images (New Orleans, Louisiana, 2008)},
  Author                   = {Cvitanovi{\'c}, P. and Marchetti, M.C. and Redner, S. and Kudrolli, A. A.},
  Journal                  = {Chaos},
  Year                     = {2008},
  Pages                    = {041101},
  Volume                   = {18},
  DOI                      = {10.1063/1.3052084}
}

@Article{Cvitanovic2009,
  Title                    = {Introduction: {Sixth} annual gallery of nonlinear images (Pittsburgh, Pennsylvania, 2009)},
  Author                   = {Cvitanovi{\'c}, P. and Daniels, K.E., Kudrolli, A., Losert, W., Redner, S.},
  Journal                  = {Chaos},
  Year                     = {2009},
  Pages                    = {041101},
  Volume                   = {19},
  DOI                      = {10.1063/1.3257679}
}

@Phdthesis{CviThesis,
  Title                    = {Divergence-free {Feynman}-parametric integrals},
  Author                   = {Cvitanovi{\'c}, P.},
  School                   = {Cornell Univ.},
  Year                     = {1973},
  Address                  = {Ithaca, NY},
  URL                      = {https://newcatalog.library.cornell.edu/catalog/17487}
}

@Inproceedings{CvitLanCrete02,
  author    = {P. Cvitanovi{\'c} and Y. Lan},
  title     = {Turbulent fields and their recurrences},
  booktitle = {{Correlations and Fluctuations in QCD : Proceedings of 10. International Workshop on Multiparticle Production}},
  year      = {2003},
  editor    = {N. Antoniou},
  isbn      = {978-981-238-455-3},
  pages     = {313--325},
  address   = {Singapore},
  publisher = {World Scientific},
  doi       = {10.1142/9789812704641_0032},
}

@Article{CvJeKaPr85,
  Title                    = {Renormalization, unstable manifolds, and the fractal structure of mode locking},
  Author                   = {Cvitanovi{\'c}, P. and {Jensen}, M. H. and {Kadanoff}, L. P. and {Procaccia}, I.},
  Journal                  = {Phys. Rev. Lett.},
  Year                     = {1985},
  Number                   = {4},
  Pages                    = {343--346},
  Volume                   = {55},
  DOI                      = {10.1103/PhysRevLett.55.343}
}

@Article{CvLaPe78,
  Title                    = {Number and weights of {Feynman} diagrams},
  Author                   = {Cvitanovi{\'c}, P. and Lautrup, B. and Pearson, R. B.},
  Journal                  = {Phys. Rev. D},
  Year                     = {1978},
  Pages                    = {1939--1949},
  Volume                   = {18},
  DOI                      = {10.1103/PhysRevD.18.1939}
}

@Book{cvt89b,
  title     = {{Universality in Chaos}},
  publisher = {Adam Hilger},
  year      = {1989},
  author    = {P. Cvitanovi{\'c}},
  address   = {Bristol},
  edition   = {2},
  doi       = {10.1201/9780203734636},
}

@Incollection{CVW96,
  Title                    = {Quantum fluids and classical determinants},
  Author                   = {Cvitanovi{\'c}, P. and Vattay, G. and Wirzba, A.},
  Booktitle                = {Classical, Semiclassical and Quantum Dynamics in Atoms},
  Publisher                = {Springer},
  Year                     = {1997},
  Addendum                 = {\arXiv{chao-dyn/9608012}},
  Address                  = {New York},
  Editor                   = {H. Friedrich and B. Eckhardt},
  Pages                    = {29--62},
  DOI                      = {10.1007/BFb0105968}
}

@Book{DasBuch,
  title     = {Chaos: {Classical and Quantum}},
  publisher = {Niels Bohr Inst.},
  year      = {2017},
  author    = {P. Cvitanovi{\'c} and R. Artuso and R. Mainieri and G. Tanner and G. Vattay},
  address   = {Copenhagen},
  url       = {http://ChaosBook.org},
}

@Article{DCTSCD14,
  author  = {Ding, X. and Chat\'e, H. and Cvitanovi\'c, P. and Siminos, E. and Takeuchi, K. A.},
  title   = {Estimating the dimension of the inertial manifold from unstable periodic orbits},
  journal = {Phys. Rev. Lett.},
  year    = {2016},
  volume  = {117},
  pages   = {024101},
  doi     = {10.1103/PhysRevLett.117.024101},
}

@Article{diag_Fred,
  Title                    = {Spectrum of stochastic evolution operators: {Local} matrix representation approach},
  Author                   = {Cvitanovi{\'c}, P. and S{\o}ndergaard, N. and Palla, G. and Vattay, G. and Dettmann, C. P.},
  Journal                  = {Phys. Rev. E},
  Year                     = {1999},
  Addendum                 = {\arXiv{chao-dyn/9904027}},
  Pages                    = {3936--3941},
  Volume                   = {60},
  DOI                      = {10.1103/PhysRevE.60.3936}
}

@Article{DingCvit14,
  Title                    = {Periodic eigendecomposition and its application in {Kuramoto-Sivashinsky} system},
  Author                   = {Ding, X. and Cvitanovi{\'c}, P.},
  Journal                  = {{SIAM} J. Appl. Dyn. Syst.},
  Year                     = {2016},
  Pages                    = {1434--1454},
  Volume                   = {15},
  DOI                      = {10.1137/15M1037299}
}

@InProceedings{etc12,
  Title                    = {Geometry of state space in plane {Couette} flow},
  Author                   = {Cvitanovi{\'c}, P. and Gibson, J. F.},
  Booktitle                = {Advances in Turbulence XII},
  Year                     = {2009},
  Address                  = {Berlin},
  Editor                   = {B. Eckhardt},
  Pages                    = {75--78},
  Publisher                = {Springer},
  Series                   = {Proc. 12\textsuperscript{th} EUROMECH Eur. Turb. Conf., Marburg},
  DOI                      = {10.1007/978-3-642-03085-7-17}
}

@Article{focusPOT,
  Title                    = {Recurrent flows: {The} clockwork behind turbulence},
  Author                   = {Cvitanovi{\'c}, P.},
  Journal                  = {J. Fluid Mech. Focus Fluids},
  Year                     = {2013},
  Pages                    = {1--4},
  Volume                   = {726},
  DOI                      = {10.1017/jfm.2013.198}
}

@Article{FrCv11,
  author  = {Froehlich, S. and Cvitanovi{\'c}, P.},
  title   = {Reduction of continuous symmetries of chaotic flows by the method of slices},
  journal = {Commun. Nonlinear Sci. Numer. Simul.},
  year    = {2012},
  volume  = {17},
  pages   = {2074--2084},
  doi     = {10.1016/j.cnsns.2011.07.007},
}

@Article{FredDet,
  Title                    = {A {Fredholm} determinant for semiclassical quantization},
  Author                   = {Cvitanovi{\'c}, P. and Rosenqvist, P. E. and G. Vattay and Rugh, H. H.},
  Journal                  = {Chaos},
  Year                     = {1993},
  Addendum                 = {\arXiv{chao-dyn/9307014}},
  Pages                    = {619--636},
  Volume                   = {3},
  DOI                      = {10.1063/1.165992}
}

@Article{GHCV08,
  Title                    = {Heteroclinic connections in plane {Couette} flow},
  Author                   = {Halcrow, J. and Gibson, J. F. and Cvitanovi{\'c}, P. and Viswanath, D.},
  Journal                  = {J. Fluid Mech.},
  Year                     = {2009},
  Addendum                 = {\arXiv{0808.1865}},
  Pages                    = {365--376},
  Volume                   = {621},
  DOI                      = {10.1017/S0022112008005065}
}

@Article{GHCW07,
  Title                    = {Visualizing the geometry of state-space in plane {Couette} flow},
  Author                   = {J. F. Gibson and J. Halcrow and P. Cvitanovi{\'c}},
  Journal                  = {J Fluid Mech.},
  Year                     = {2008},
  Addendum                 = {\arXiv{0705.3957}},
  Pages                    = {107--130},
  Volume                   = {611},
  DOI                      = {10.1017/S002211200800267X}
}

@Techreport{GibsonMovies,
  Title                    = {Movies of plane {Couette}},
  Author                   = {J. F. Gibson and P. Cvitanovi{\'c}},
  Institution              = {Georgia Inst. of Technology},
  Year                     = {2015},
  Publisher                = {Center for Nonlinear Science},
  URL                      = {http://ChaosBook.org/tutorials}
}

@Article{Groen86,
  author  = {J. Groeneveld},
  title   = {On constructing complete solution classes of the {Cvitanovi{\'c}-Feigenbaum} equation},
  journal = {Physica A},
  year    = {1986},
  volume  = {138},
  pages   = {137--166},
  doi     = {10.1016/0378-4371(86)90177-9},
}

@Article{hansen1d,
  Title                    = {Bifurcation structures in maps of {H\'enon} type},
  Author                   = {Hansen, K. T. and Cvitanovi{\'c}, P.},
  Journal                  = {Nonlinearity},
  Year                     = {1998},
  Pages                    = {1233--1261},
  Volume                   = {11},
  DOI                      = {10.1088/0951-7715/11/5/004}
}

@Unpublished{HC95,
  author = {Hansen, K. T. and Cvitanovi{\'c}, P.},
  title  = {Symbolic dynamics and {Markov} partitions for the stadium billiard},
  note   = {{\em J. Stat. Phys.}, accepted 1996, revised version still not resubmitted},
  year   = {1995},
  url    = {http://arXiv.org/abs/chao-dyn/9502005},
}

@Article{HenLipCvi14,
  Title                    = {Neighborhoods of periodic orbits and the stationary distribution of a noisy chaotic system},
  Author                   = {J. M. Heninger and P. Cvitanovi{\'c} and D. Lippolis},
  Journal                  = {Phys. Rev. E},
  Year                     = {2015},
  Addendum                 = {\arXiv{1507.00462}},
  Pages                    = {062922},
  Volume                   = {92},
  DOI                      = {10.1103/PhysRevE.92.062922},
  Issue                    = {6}
}

@Article{HenLipCvi15,
  author  = {J. M. Heninger and D. Lippolis and P. Cvitanovi\'c},
  title   = {Perturbation theory for the {Fokker-Planck} operator in chaos},
  journal = {Commun. Nonlinear Sci. Numer. Simul.},
  year    = {2018},
  volume  = {55},
  pages   = {16--28},
  doi     = {10.1016/j.cnsns.2017.06.025},
}

@Article{HGC08,
  Title                    = {Equilibrium and traveling-wave solutions of plane {Couette} flow},
  Author                   = {Gibson, J. F. and Halcrow, J. and Cvitanovi{\'c}, P.},
  Journal                  = {J. Fluid Mech.},
  Year                     = {2009},
  Addendum                 = {\arXiv{0808.3375}},
  Pages                    = {243--266},
  Volume                   = {638},
  DOI                      = {10.1017/S0022112009990863}
}

@Article{inv,
  Title                    = {Invariant measurement of strange sets in terms of cycles},
  Author                   = {P. Cvitanovi{\'c}},
  Journal                  = {Phys. Rev. Lett.},
  Year                     = {1988},
  Pages                    = {2729--2732},
  Volume                   = {61},
  DOI                      = {10.1103/PhysRevLett.61.2729}
}

@Article{IRstruct,
  Title                    = {Infra-red structure of {Yang-Mills} theories},
  Author                   = {P. Cvitanovi{\'c}},
  Journal                  = {Phys. Lett. B},
  Year                     = {1976},
  Pages                    = {272--274},
  Volume                   = {65},
  DOI                      = {10.1016/0370-2693(76)90180-5}
}

@Article{Kohayakawa1982,
  Title                    = {Simula\c{c}\~ao de um G\'as Bidimensional},
  Author                   = {Yoshiharu Kohayakawa and Ronnie Mainieri and Otaviano Helene},
  Journal                  = {Brazilian J. Physics},
  Year                     = {1982},
  Note                     = {Cvitanovi{\'c}, P. Erd{\"o}s number is 3},
  Volume                   = {12},
  DOI                      = {http://www.sbfisica.org.br/bjp/download/v12/v12a48.pdf},
  Page                     = {709--719}
}

@Article{lan2004stationary,
  Title                    = {Stationary modulated-amplitude waves in the {1D} complex {Ginzburg--Landau} equation},
  Author                   = {Lan, Y. and Garnier, N. and Cvitanovi{\'c}, P.},
  Journal                  = {Physica D},
  Year                     = {2004},
  Pages                    = {193--212},
  Volume                   = {188},
  DOI                      = {10.1016/S0167-2789(03)00289-6}
}

@Article{lanCvit07,
  Title                    = {Unstable recurrent patterns in {Kuramoto-Sivashinsky} dynamics},
  Author                   = {Lan, Y. and Cvitanovi{\'c}, P.},
  Journal                  = {Phys. Rev. E},
  Year                     = {2008},
  Addendum                 = {\arXiv{0804.2474}},
  Pages                    = {026208},
  Volume                   = {78},
  DOI                      = {10.1103/PhysRevE.78.026208}
}

@Article{lanmaw03,
  Title                    = {Stationary modulated-amplitude waves in the 1{D} complex {Ginzburg-Landau} equation},
  Author                   = {Y. Lan and N. Garnier and P. Cvitanovi{\'c}},
  Journal                  = {Physica D},
  Year                     = {2004},
  Pages                    = {193--212},
  Volume                   = {188},
  DOI                      = {10.1016/S0167-2789(03)00289-6}
}

@Article{lanVar1,
  Title                    = {Variational method for finding periodic orbits in a general flow},
  Author                   = {Y. Lan and P. Cvitanovi{\'c}},
  Journal                  = {Phys. Rev. E},
  Year                     = {2004},
  Addendum                 = {\arXiv{nlin.CD/0308008}},
  Pages                    = {016217},
  Volume                   = {69},
  DOI                      = {10.1103/PhysRevE.69.016217}
}

@Article{LCC06,
  Title                    = {{Newton}'s descent method for the determination of invariant tori},
  Author                   = {Lan, Y., Chandre, C. and Cvitanovi{\'c}, P.},
  Journal                  = {Phys. Rev. E},
  Year                     = {2006},
  Addendum                 = {\arXiv{nlin.CD/0508026}},
  Pages                    = {046206},
  Volume                   = {74},
  DOI                      = {10.1103/PhysRevE.74.046206}
}

@Unpublished{LipCvi07,
  Title                    = {Optimal resolution of the state space of a chaotic flow in presence of noise},
  Author                   = {D. Lippolis and P. Cvitanovi{\'c}},
  Note                     = {In preparation, 2012}
}

@Article{LipCvi08,
  Title                    = {How well can one resolve the state space of a chaotic map?},
  Author                   = {Lippolis, D. and Cvitanovi{\'c}, P.},
  Journal                  = {Phys. Rev. Lett.},
  Year                     = {2010},
  Addendum                 = {\arXiv{0902.4269}},
  Pages                    = {014101},
  Volume                   = {104},
  DOI                      = {10.1103/PhysRevLett.104.014101}
}

@Article{LorentzDiff,
  Title                    = {Transport properties of the {Lorentz} gas in terms of periodic orbits},
  Author                   = {Cvitanovi{\'c}, P. and Eckmann, J.-P. and Gaspard, P.},
  Journal                  = {Chaos Solit. Fract.},
  Year                     = {1995},
  Addendum                 = {\arXiv{chao-dyn/9312003}},
  Pages                    = {113--120},
  Volume                   = {6},
  DOI                      = {10.1016/0960-0779(95)80018-C}
}

@Article{MassShell,
  Title                    = {{Yang-Mills} theory on the mass-shell},
  Author                   = {P. Cvitanovi{\'c}},
  Journal                  = {Phys. Rev. Lett.},
  Year                     = {1976},
  Pages                    = {1528--1531},
  Volume                   = {37},
  DOI                      = {10.1103/PhysRevLett.37.1528}
}

@Unpublished{McICvi15,
  Title                    = {Periodic orbit theory of linear response},
  Author                   = {B. McInroe and P. Cvitanovi{\'c}},
  Note                     = {In preparation},
  Year                     = {2015}
}

@InProceedings{Mogul03,
  author    = {Mogul, D. J. and Slutzky, M. W. and Cvitanovi{\'c}, P.},
  booktitle = {{IEEE Engin. Medicine \& Biology Soc. Annual Conf.}},
  title     = {State point forcing permits validation of fixed point locations during chaotic epileptic bursting in the rat brain},
  year      = {2003},
  editor    = {Leder, R. S.},
  pages     = {1921--1924},
  publisher = {{IEEE}},
  volume    = {25},
  doi       = {10.1109/iembs.2003.1279801},
}

@Misc{moron,
  author  = {Bensimon, D. and Halsey, T. C. and Jensen, M. H. and Kadanoff, L. P. and Libchaber, A. and Procaccia, I. and Shraiman, B. I. and Stavans, J.},
  note    = {Rejected from all proceedings it was submitted to},
  title   = {More on microcanonical paradigm},
  year    = {1986},
  address = {G{\"o}teborg},
  url     = {http://ChaosBook.org/~predrag/papers/preprints.html#moron},
}

@Article{myrh1,
  Title                    = {Universality for period n-tuplings in complex mappings},
  Author                   = {Cvitanovi{\'c}, P. and Myrheim, J.},
  Journal                  = {Phys. Lett. A},
  Year                     = {1983},
  Pages                    = {329--333},
  Volume                   = {94},
  DOI                      = {10.1016/0375-9601(83)90121-4}
}

@Article{n00bs,
  Title                    = {Equilibrium and traveling-wave solutions of plane {Couette} flow},
  Author                   = {Gibson, J. F. and Halcrow, J. and Cvitanovi{\'c}, P.},
  Journal                  = {J. Fluid Mech.},
  Year                     = {2009},
  Addendum                 = {\arXiv{0808.3375}},
  Pages                    = {243--266},
  Volume                   = {638},
  DOI                      = {10.1017/S0022112009990863}
}

@Article{NegDimE7,
  Title                    = {Negative dimensions and {$E_7$} symmetry},
  Author                   = {Cvitanovi{\'c}, P.},
  Journal                  = {Nucl. Phys. {B}},
  Year                     = {1981},
  Pages                    = {373--396},
  Volume                   = {188},
  DOI                      = {10.1016/0550-3213(81)90262-5},
  Mrnumber                 = {82i:81053}
}

@Article{NiDaCv99,
  Title                    = {Periodic orbit sum rules for billiards: {Accelerating} cycle expansions},
  Author                   = {Nielsen, S. F. and Dahlqvist, P. and Cvitanovi{\'c}, P.},
  Journal                  = {J. Phys. A},
  Year                     = {1999},
  Pages                    = {6757--6770},
  Volume                   = {32},
  DOI                      = {10.1088/0305-4470/32/39/304}
}

@Article{noisy_Fred,
  Title                    = {Trace formulas for stochastic evolution operators: {Weak} noise perturbation theory},
  Author                   = {Cvitanovi{\'c}, P. and Dettmann, C. P. and Mainieri, R. and Vattay, G.},
  Journal                  = {J. Stat. Phys.},
  Year                     = {1998},
  Addendum                 = {\arXiv{chao-dyn/9807034}},
  Pages                    = {981--999},
  Volume                   = {93},
  DOI                      = {10.1023/B:JOSS.0000033173.38345.f9}
}

@Article{NPB81,
  author  = {Cvitanovi{\'c}, P. and Lauwers, P. G. and Scharbach, P. N.},
  title   = {Gauge invariance structure of {Quantum Chromodynamics}},
  journal = {Nucl. Phys. B},
  year    = {1981},
  volume  = {186},
  pages   = {165--186},
  doi     = {10.1016/0550-3213(81)90098-5},
}

@Article{NPB82,
  author  = {Cvitanovi{\'c}, P. and Lauwers, P. G. and Scharbach, P. N.},
  title   = {The planar sector of field theories},
  journal = {Nucl. Phys. B},
  year    = {1982},
  volume  = {203},
  pages   = {385--412},
  doi     = {10.1016/0550-3213(82)90320-0},
}

@Incollection{PC89,
  Title                    = {Circle maps: {Irrationally} winding},
  Author                   = {Cvitanovi{\'c}, P.},
  Booktitle                = {From Number Theory to Physics},
  Publisher                = {Springer},
  Year                     = {1992},
  Address                  = {New York},
  Editor                   = {Waldschmidt, M. and Moussa, P. and Luck, J. M. and Itzykson, C.},
  Pages                    = {631--658},
  DOI                      = {10.1007/978-3-662-02838-4_13},
  ISBN                     = {978-3-642-08097-5}
}

@Article{PCar,
  Title                    = {Group theory for {Feynman} diagrams in non-{Abelian} gauge theories},
  Author                   = {Cvitanovi{\'c}, P.},
  Journal                  = {Phys. Rev. D},
  Year                     = {1976},
  Pages                    = {1536--1553},
  Volume                   = {14},
  DOI                      = {10.1103/PhysRevD.14.1536}
}

@Book{PCgr,
  author    = {Cvitanovi{\'c}, P.},
  publisher = {Princeton Univ. Press},
  title     = {{Group Theory: Birdtracks, Lie's and Exceptional Groups}},
  year      = {2008},
  address   = {Princeton NJ},
  doi       = {10.1515/9781400837670},
}

@Article{pchaot,
  Title                    = {Exploring chaotic motion through periodic orbits},
  Author                   = {D. Auerbach and P. Cvitanovi{\'c} and J.-P. Eckmann and G. Gunaratne and I. Procaccia},
  Journal                  = {Phys. Rev. Lett.},
  Year                     = {1987},
  Pages                    = {2387--2389},
  Volume                   = {58},
  Abstract                 = {Use near recurrence to extract periodic orbits and
                 their stability eigenvalues.},
  DOI                      = {10.1103/PhysRevLett.58.2387}
}

@Article{PlanFieldThe,
  Title                    = {Planar perturbation expansion},
  Author                   = {Cvitanovi{\'c}, P.},
  Journal                  = {Phys. Lett. B},
  Year                     = {1981},
  Pages                    = {49--52},
  Volume                   = {99},
  DOI                      = {10.1016/0370-2693(81)90801-7}
}

@Article{PoincBohrAMS,
  Title                    = {{Ground Control} to {Niels Bohr: Exploring} outer space with atomic physics},
  Author                   = {Porter, M.A. and Cvitanovi{\'c}, P.},
  Journal                  = {Notices of the AMS},
  Year                     = {2005},
  Note                     = {arXiv{physics/0505085}},
  Pages                    = {1020--1025},
  Volume                   = {52},
  URL                      = {http://www.ams.org/notices/200509/fea-porter.pdf}
}

@Article{PorCvi04,
  Title                    = {A perturbative analysis of modulated amplitude waves in {Bose-Einstein} condensates},
  Author                   = {Porter, M. A. and Cvitanovi{\'c}, P.},
  Journal                  = {Chaos},
  Year                     = {2004},
  Pages                    = {739--755},
  Volume                   = {14},
  DOI                      = {10.1063/1.1779991}
}

@Article{porter2004modulated,
  Title                    = {Modulated amplitude waves in {Bose-Einstein} condensates},
  Author                   = {Porter, M. A. and Cvitanovi{\'c}, P.},
  Journal                  = {Phys. Rev. E},
  Year                     = {2004},
  Pages                    = {047201},
  Volume                   = {69},
  DOI                      = {10.1103/PhysRevE.69.047201}
}

@Article{pre88top,
  Title                    = {Topological and metric properties of {H{\'}enon}-type strange attractors},
  Author                   = {Cvitanovi{\'c}, P. and Gunaratne, G. H. and Procaccia, I.},
  Journal                  = {Phys. Rev. A},
  Year                     = {1988},
  Pages                    = {1503--1520},
  Volume                   = {38},
  DOI                      = {10.1103/PhysRevA.38.1503}
}

@Article{QCDmshell,
  author  = {Cvitanovi{\'c}, P.},
  title   = {Quantum chromodynamics on the mass shell},
  journal = {Nucl. Phys. B},
  year    = {1977},
  volume  = {130},
  pages   = {114--144},
  doi     = {10.1016/0550-3213(77)90396-0},
}

@Mastersthesis{Ros92,
  Title                    = {Dynamical Chaos and Periodic Orbits},
  Author                   = {Per Rosenqvist},
  Year                     = {1992},
  Note                     = {Unpublished},
  Institution              = {Niels Bohr Institute}
}

@Article{SCD07,
  Title                    = {On the state space geometry of the {Kuramoto-Sivashinsky} flow in a periodic domain},
  Author                   = {Cvitanovi{\'c}, P. and Davidchack, R. L. and Siminos, E.},
  Journal                  = {SIAM J. Appl. Dyn. Syst.},
  Year                     = {2010},
  Addendum                 = {\arXiv{0709.2944}},
  Pages                    = {1--33},
  Volume                   = {9},
  DOI                      = {10.1137/070705623}
}

@Unpublished{SCD09b,
  Title                    = {Recurrent spatio-temporal structures of translationally invariant {Kuramoto-Sivashinsky} flow},
  Author                   = {Siminos, E. and Cvitanovi{\'c}, P. and Davidchack, R. L.},
  Note                     = {{In} preparation},
  Year                     = {2010}
}

@Article{SCW06,
  Title                    = {Periodic orbits in scattering from elastic voids},
  Author                   = {S{\o}ndergaard, N. and Cvitanovi{\'c}, P. and Wirzba, A.},
  Journal                  = {AIP Conference Proceedings},
  Year                     = {2006},
  Pages                    = {175--183},
  Volume                   = {834},
  DOI                      = {10.1063/1.2205801}
}

@Article{SiCvi10,
  Title                    = {Continuous symmetry reduction and return maps for high-dimensional flows},
  Author                   = {Siminos, E. and Cvitanovi{\'c}, P.},
  Journal                  = {Physica D},
  Year                     = {2011},
  Pages                    = {187--198},
  Volume                   = {240},
  DOI                      = {10.1016/j.physd.2010.07.010}
}

@Article{Simon200225,
  Title                    = {Periodic orbit theory applied to a chaotically oscillating gas bubble in water},
  Author                   = {Simon, G. and Cvitanovi{\'c}, P. and Levinsen, M. T. and Csabai, I. and Horv\'ath, \'A.},
  Journal                  = {Nonlinearity},
  Year                     = {2002},
  Pages                    = {25--43},
  Volume                   = {15},
  DOI                      = {10.1088/0951-7715/15/1/302}
}

@Article{skeleton,
  Title                    = {Periodic orbits as the skeleton of classical and quantum chaos},
  Author                   = {Cvitanovi{\'c}, P.},
  Journal                  = {Physica D},
  Year                     = {1991},
  Pages                    = {138--151},
  Volume                   = {51},
  DOI                      = {10.1016/0167-2789(91)90227-Z}
}

@Article{brain,
  author  = {Slutzky, M. W. and Cvitanovi{\'c}, P., Mogul, D .J.},
  journal = {Ann. Biomed. Eng.},
  title   = {Deterministic chaos and noise in three In Vitro hippocampal models of epilepsy},
  year    = {2001},
  pages   = {607--618},
  volume  = {29},
  doi     = {10.1114/1.1380419},
}

@Article{noisybrain,
  author  = {Slutzky, M. W. and Cvitanovi{\'c}, P. and Mogul, D. J.},
  journal = {J. Neuroscience Methods},
  title   = {Identification of determinism in noisy neuronal systems},
  year    = {2002},
  pages   = {153--161},
  volume  = {118},
  doi     = {10.1016/s0165-0270(02)00029-8},
}

@Article{ratbrain,
  author  = {Slutzky, M. W. and Cvitanovi{\'c}, P. and Mogul, D. J.},
  journal = {IEEE trans. Biomed. Eng.},
  title   = {Manipulating epileptiform bursting in the rat hippocampus using chaos control and adaptive techniques},
  year    = {2003},
  pages   = {559--570},
  volume  = {50},
  doi     = {10.1109/TBME.2003.810701},
}

@Inproceedings{SoCoCv16,
  author    = {Solla, S. A. and Cohen, Y. and Cvitanovi{\'c}, P.},
  title     = {Learning in a noisy environment: {A Lyapunov} equation approach},
  booktitle = {APS Meeting Abstracts},
  year      = {2016},
  url       = {http://meetings.aps.org/Meeting/MAR16/Event/263385},
}

@Unpublished{stadium95,
  author = {Hansen, K. T. and Cvitanovi{\'c}, P.},
  title  = {Symbolic dynamics and {Markov} partitions for the stadium billiard},
  note   = {{\em J. Stat. Phys.}, accepted 1996, revised version still not resubmitted},
  year   = {1995},
  url    = {http://arXiv.org/abs/chao-dyn/9502005},
}

@Article{SumRules,
  Title                    = {Beyond the periodic orbit theory},
  Author                   = {Cvitanovi{\'c}, P. and Hansen, Kim and Rolf, J. and Vattay, G.},
  Journal                  = {Nonlinearity},
  Year                     = {1998},
  Addendum                 = {\arXiv{chao-dyn/9712002}},
  Pages                    = {1209--1232},
  Volume                   = {11},
  DOI                      = {10.1088/0951-7715/11/5/003}
}

@Misc{TECO,
  Title                    = {Computer generation of integrands for {Feynman} parametric integrals},
  Author                   = {P. Cvitanovi{\'c}},
  Note                     = {Cornell preprint CLNS-234 (June, 1973) and Proc. 3\textsuperscript{rd} Coll. on Advanced Comp. Meth. in Theoretical Physics, Marseille},
  Year                     = {1973},
  URL                      = {https://inis.iaea.org/search/search.aspx?orig_q=RN:7221095}
}

@Incollection{torino,
  author    = {P. Cvitanovi{\'c}},
  title     = {Chaos for cyclists},
  booktitle = {{Noise and Chaos in Nonlinear Dynamical Systems}},
  publisher = {Cambridge Univ. Press},
  year      = {1989},
  editor    = {E. Moss and L. A. Lugiato and W. Schleich},
  isbn      = {9780521384179},
  address   = {Cambridge},
  url       = {http://chaosbook.org/~predrag/papers/preprints.html#torino},
}

@InCollection{UFOlund,
  author =    {P. Cvitanovi{\'c}},
  title =     {Renormalization description of transitions to chaos},
  booktitle = {{Order and Chaos in Non-linear Physical System}},
  publisher = {Plenum},
  year =      {1988},
  editor =    {S. Lundquist, N. H. March and M. P. Tosi},
  pages =     {73--97},
  address =   {New York},
  isbn =      {9781489920584}
}

@Article{VC08,
  Title                    = {Stable manifolds and the transition to turbulence in pipe flow},
  Author                   = {Viswanath, D. and Cvitanovi{\'c}, P.},
  Journal                  = {J. Fluid Mech.},
  Year                     = {2009},
  Addendum                 = {\arXiv{0801.1918}},
  Pages                    = {215--233},
  Volume                   = {627},
  DOI                      = {10.1017/S0022112009006041}
}

@Misc{WFSBC15,
  author = {Budanur, N. B. and Short, K. Y. and Farazmand, M. and Willis, A. P. and Cvitanovi{\'c}, P.},
  title  = {Relative periodic orbits form the backbone of turbulent pipe flow},
  year   = {2017},
  note   = {Submitted to J. Fluid. Mech.},
  url    = {https://arxiv.org/abs/1705.03720},
}

@Article{wirzba2005wave,
  Title                    = {Wave chaos in elastodynamic cavity scattering},
  Author                   = {Wirzba, A. and S{\o}ndergaard, N. and Cvitanovi{\'c}, P.},
  Journal                  = {Europhysics Letters},
  Year                     = {2005},
  Pages                    = {534--540},
  Volume                   = {72},
  DOI                      = {10.1209/epl/i2005-10286-8}
}

@Article{WiShCv15,
  author  = {Willis, A. P. and Short, K. Y. and Cvitanovi{\'c}, P.},
  title   = {Symmetry reduction in high dimensions, illustrated in a turbulent pipe},
  journal = {Phys. Rev. E},
  year    = {2016},
  volume  = {93},
  pages   = {022204},
  doi     = {10.1103/PhysRevE.93.022204},
}

@Book{WMLI89,
  Title                    = {From Number Theory to Physics},
  Author                   = {Waldschmidt, M. and Moussa, P. and Luck, J. M. and Itzykson, C.},
  Publisher                = {Springer},
  Year                     = {1989},
  Address                  = {New York},
  ISBN                     = {978-3-642-08097-5}
}

@Article{YoungUn,
  Title                    = {Diagrammatic {Young} projection operators for {U(n)}},
  Author                   = {Elvang, H. and Cvitanovi{\'c}, P. and Kennedy, A. D.},
  Journal                  = {J. Math. Phys.},
  Year                     = {2005},
  Pages                    = {043501},
  Volume                   = {46},
  DOI                      = {10.1063/1.1832753}
}

@Unpublished{ZhCvGo15,
  Title                    = {Diffuse globally, compute locally: a cyclist tale},
  Author                   = {Zhang, T. and Cvitanovi{\'c}, P. and Goldman, D. I.},
  Note                     = {In preparation},
  Year                     = {2015}
}

@Article{Frob1896,
  author  = {F. G. Frobenius},
  title   = {{{\"U}ber Gruppencharactere}},
  journal = {Sitzungsber. der Berlin Ak.},
  year    = {1896},
  pages   = {985--1021},
}

@Article{GraTel87,
  author  = {R. Graham and T. T{\'{e}}l},
  title   = {Nonequilibrium potentials for local codimension-2 bifurcations of dissipative flows},
  journal = {Phys. Rev. A},
  year    = {1987},
  volume  = {35},
  pages   = {1328--1349},
  doi     = {10.1103/physreva.35.1328},
}

@Article{graham88,
  author  = {R Graham},
  title   = {Lyapunov exponents and supersymmetry of stochastic dynamical systems},
  journal = {Europhys. Lett.},
  year    = {1988},
  volume  = {5},
  pages   = {101--106},
  doi     = {10.1209/0295-5075/5/2/002},
}

@Misc{CviSon98,
  author = {P. Cvitanovi{\'c}},
  title  = {Periodic orbit formulation of linear response (working notes for {N. S{\o}ndergaard})},
  year   = {1998},
  note   = {ChaosBook.org/~predrag/papers/unfinished.html},
  url    = {http://ChaosBook.org/~predrag/papers/unfinished.html},
}

@Article{Finkelstein17,
  author  = {P. Cvitanovi{\'{c}} and L. Susskind},
  title   = {{David Ritz Finkelstein}},
  journal = {Phys. Today},
  year    = {2017},
  volume  = {70},
  number  = {2},
  pages   = {68--69},
  doi     = {10.1063/PT.3.3472},
}

@Incollection{aver_dasbuch,
  author    = {P. Cvitanovi{\'c}},
  title     = {Averaging},
  booktitle = {{Chaos: Classical and Quantum}},
  publisher = {Niels Bohr Inst.},
  year      = {2017},
  editor    = {P. Cvitanovi{\'c} and R. Artuso and R. Mainieri and G. Tanner and G. Vattay},
  address   = {Copenhagen},
  url       = {http://ChaosBook.org/paper.shtml#average},
}

@Incollection{CBcontinuous,
  author    = {P. Cvitanovi{\'c}},
  title     = {Relativity for cyclists},
  booktitle = {{Chaos: Classical and Quantum}},
  publisher = {Niels Bohr Inst.},
  year      = {2017},
  editor    = {P. Cvitanovi{\'c} and R. Artuso and R. Mainieri and G. Tanner and G. Vattay},
  address   = {Copenhagen},
  url       = {http://ChaosBook.org/paper.shtml#continuous},
}

@Incollection{CBconverg,
  author    = {R. Artuso and H. H. Rugh and P. Cvitanovi{\'c}},
  title     = {Why does it work?},
  booktitle = {{Chaos: Classical and Quantum}},
  publisher = {Niels Bohr Inst.},
  year      = {2017},
  editor    = {P. Cvitanovi{\'c} and R. Artuso and R. Mainieri and G. Tanner and G. Vattay},
  address   = {Copenhagen},
  url       = {http://ChaosBook.org/paper.shtml#converg},
}

@Incollection{CBcount,
  author    = {P. Cvitanovi{\'c}},
  title     = {Counting},
  booktitle = {Chaos: Classical and Quantum},
  publisher = {Niels Bohr Inst.},
  year      = {2017},
  editor    = {P. Cvitanovi{\'c} and R. Artuso and R. Mainieri and G. Tanner and G. Vattay},
  address   = {Copenhagen},
  url       = {http://ChaosBook.org/paper.shtml#count},
}

@Incollection{CBdiffusion,
  author    = {R. Artuso and P. Cvitanovi{\'c}},
  title     = {Deterministic diffusion},
  booktitle = {{Chaos: Classical and Quantum}},
  publisher = {Niels Bohr Inst.},
  year      = {2017},
  editor    = {P. Cvitanovi{\'c} and R. Artuso and R. Mainieri and G. Tanner and G. Vattay},
  address   = {Copenhagen},
  url       = {http://ChaosBook.org/paper.shtml#diffusion},
}

@Incollection{CBmeasure,
  author    = {P. Cvitanovi\'{c} and R. Artuso and L. Rondoni and E. A. Spiegel},
  title     = {Transporting densities},
  booktitle = {{Chaos: Classical and Quantum}},
  publisher = {Niels Bohr Inst.},
  year      = {2017},
  editor    = {P. Cvitanovi{\'c} and R. Artuso and R. Mainieri and G. Tanner and G. Vattay},
  address   = {Copenhagen},
  url       = {http://ChaosBook.org/paper.shtml#measure},
}

@Incollection{CBook:appendApplic,
  author    = {P. Cvitanovi{\'c} and G. Vattay},
  title     = {Transport of vector fields},
  booktitle = {{Chaos: Classical and Quantum}},
  publisher = {Niels Bohr Inst.},
  year      = {2017},
  editor    = {P. Cvitanovi{\'c} and R. Artuso and R. Mainieri and G. Tanner and G. Vattay},
  address   = {Copenhagen},
  url       = {http://ChaosBook.org/paper.shtml#appendApplic},
}

@Incollection{CBook:appendHist,
  author    = {R. Mainieri and P. Cvitanovi{\'c}},
  title     = {A brief history of chaos},
  booktitle = {{Chaos: Classical and Quantum}},
  publisher = {Niels Bohr Inst.},
  year      = {2017},
  editor    = {P. Cvitanovi{\'c} and R. Artuso and R. Mainieri and G. Tanner and G. Vattay},
  address   = {Copenhagen},
  url       = {http://ChaosBook.org/paper.shtml#appendHist},
}

@Incollection{CBdet,
  author    = {P. Cvitanovi{\'c}},
  title     = {Spectral determinants},
  booktitle = {{Chaos: Classical and Quantum}},
  publisher = {Niels Bohr Inst.},
  year      = {2017},
  editor    = {P. Cvitanovi{\'c} and R. Artuso and R. Mainieri and G. Tanner and G. Vattay},
  address   = {Copenhagen},
  url       = {http://ChaosBook.org/paper.shtml#det},
}

@Incollection{DasBuchMirror,
  author    = {P. Cvitanovi{\'c}},
  title     = {World in a mirror},
  booktitle = {{Chaos: Classical and Quantum}},
  publisher = {Niels Bohr Inst.},
  year      = {2017},
  editor    = {P. Cvitanovi{\'c} and R. Artuso and R. Mainieri and G. Tanner and G. Vattay},
  address   = {Copenhagen},
  url       = {http://ChaosBook.org/paper.shtml#discrete},
}

@Incollection{eigendensity,
  author    = {R. Artuso and H. H. Rugh and P. Cvitanovi{\'c}},
  title     = {Why does it work?},
  booktitle = {{Chaos: Classical and Quantum}},
  publisher = {Niels Bohr Inst.},
  year      = {2017},
  editor    = {P. Cvitanovi{\'c} and R. Artuso and R. Mainieri and G. Tanner and G. Vattay},
  address   = {Copenhagen},
  url       = {http://ChaosBook.org/paper.shtml#converg},
}

@Incollection{koopmania,
  author    = {P. Cvitanovi{\'c}},
  title     = {Implementing evolution},
  booktitle = {Chaos: Classical and Quantum},
  publisher = {Niels Bohr Inst.},
  year      = {2017},
  editor    = {P. Cvitanovi{\'c} and R. Artuso and R. Mainieri and G. Tanner and G. Vattay},
  address   = {Copenhagen},
  url       = {http://ChaosBook.org/paper.shtml#appendMeasure},
}

@Incollection{RMChaosHist,
  author    = {R. Mainieri and P. Cvitanovi{\'c}},
  title     = {A brief history of chaos},
  booktitle = {{Chaos: Classical and Quantum}},
  publisher = {Niels Bohr Inst.},
  year      = {2017},
  editor    = {P. Cvitanovi{\'c} and R. Artuso and R. Mainieri and G. Tanner and G. Vattay},
  address   = {Copenhagen},
  url       = {http://ChaosBook.org/paper.shtml#appendHist},
}

@Incollection{symb_dyn,
  author    = {P. Cvitanovi\'{c}},
  title     = {Charting the state space},
  booktitle = {{Chaos: Classical and Quantum}},
  publisher = {Niels Bohr Inst.},
  year      = {2017},
  editor    = {P. Cvitanovi{\'c} and R. Artuso and R. Mainieri and G. Tanner and G. Vattay},
  address   = {Copenhagen},
  url       = {http://ChaosBook.org/paper.shtml#knead},
}

@Incollection{statespDummies,
  author    = {P. Cvitanovi{\'c}},
  title     = {Life in extreme dimensions},
  booktitle = {{Chaos: Classical and Quantum}},
  publisher = {Niels Bohr Inst.},
  year      = {2017},
  editor    = {P. Cvitanovi{\'c} and R. Artuso and R. Mainieri and G. Tanner and G. Vattay},
  address   = {Copenhagen},
  url       = {http://ChaosBook.org/paper.shtml#flows},
}

@Incollection{CBook:projects,
  author    = {P. Cvitanovi{\'c}},
  title     = {Appendix: {Projects}},
  booktitle = {{Chaos: Classical and Quantum}},
  publisher = {Niels Bohr Inst.},
  year      = {2017},
  editor    = {P. Cvitanovi{\'c} and R. Artuso and R. Mainieri and G. Tanner and G. Vattay},
  address   = {Copenhagen},
  url       = {http://ChaosBook.org/paper.shtml#projects},
}

@Incollection{CBtrace,
  author    = {P. Cvitanovi{\'c}},
  title     = {Trace formulas},
  booktitle = {{Chaos: Classical and Quantum}},
  publisher = {Niels Bohr Inst.},
  year      = {2017},
  editor    = {P. Cvitanovi{\'c} and R. Artuso and R. Mainieri and G. Tanner and G. Vattay},
  address   = {Copenhagen},
  url       = {http://ChaosBook.org/paper.shtml#trace},
}

@Incollection{CBook:appendSymm,
  author    = {A. Wirzba and P. Cvitanovi{\'c}},
  title     = {Appendix: {Discrete} symmetries of dynamics},
  booktitle = {{Chaos: Classical and Quantum}},
  publisher = {Niels Bohr Inst.},
  year      = {2016},
  editor    = {P. Cvitanovi{\'c} and R. Artuso and R. Mainieri and G. Tanner and G. Vattay},
  address   = {Copenhagen},
  url       = {http://ChaosBook.org/paper.shtml#appendSymm},
}

@Incollection{CBsymm,
  author    = {P. Cvitanovi{\'c}},
  title     = {Discrete factorization},
  booktitle = {{Chaos: Classical and Quantum}},
  publisher = {Niels Bohr Inst.},
  year      = {2017},
  editor    = {P. Cvitanovi{\'c} and R. Artuso and R. Mainieri and G. Tanner and G. Vattay},
  address   = {Copenhagen},
  url       = {http://ChaosBook.org/paper.shtml#symm},
}

@Book{FieldThe,
  title     = {{Field Theory}},
  publisher = {Nordita},
  year      = {1983},
  author    = {P. Cvitanovi{\'c}},
  address   = {Copenhagen},
  note      = {Notes prepared by E. Gyldenkerne},
  url       = {http://ChaosBook.org/FieldTheory},
}

@Misc{CO94,
  author = {P. Cvitanovi\'c and E. Ott},
  title  = {Steady fast kinematic dynamos: {The} topological entropy bound and the effect of magnetic field diffusion},
  year   = {1994},
  note   = {In preparation},
}

@Article{GHJSC16,
  author  = {Gutkin, B. and Han, L. and Jafari, R. and Saremi, A. K. and Cvitanovi{\'c}, P.},
  journal = {Nonlinearity},
  title   = {Linear encoding of the spatiotemporal cat map},
  year    = {2020},
  doi     = {10.1088/1361-6544/abd7c8},
}

@Inproceedings{SoCoCv19,
  author    = {S. A. Solla and Y. Cohen and P. Cvitanovi{\'c}},
  title     = {A novel approach to the empirical characterization of learning in biological systems},
  booktitle = {{Comp. Systems Neuroscience (Cosyne), Lisbon, Portugal}},
  year      = {2019},
  editor    = {E. Chiappe et. al.},
  publisher = {Cosyne},
  url       = {http://www.cosyne.org},
}

@Misc{Cvitanov18,
  author       = {Cvitanovi{\'c}, P.},
  title        = {Is QED finite?},
  howpublished = {Summer school on structures in local quantum field theory, Les Houches 2018, D. Kreimer and S. Bloch, eds.},
  year         = {2019},
  note         = {In preparation},
}

@Misc{CL18,
  author = {P. Cvitanovi{\'c} and H. Liang},
  title  = {Spatiotemporal cat: {An} exact classical chaotic field theory},
  year   = {2019},
  note   = {in preparation},
}

@InCollection{SlMoCv09,
  author    = {Slutzky, M. W. and Mogul, D. J. and Cvitanovi{\'c}, P.},
  booktitle = {{Control of chaos in nonlinear circuits and systems}},
  publisher = {World Scientific},
  title     = {Chaos control of epileptiform bursting in the brain},
  year      = {2009},
  address   = {Singapore},
  editor    = {Ling, B. W. K. and Iu, H. H-C. and Lam, H.-K.},
  pages     = {197--223},
  doi       = {10.1142/6717},
}

@Proceedings{CviPerWirz92,
  title  = {{Quantum Chaos - Quantum Measurement}},
  year   = {1992},
  editor = {Cvitanovi{\'c}, P. and Percival, I. and Wirzba, A.},
  series = {NATO Sci. Ser. C},
  volume = {358},
  doi    = {10.1007/978-94-015-7979-7},
}

@Comment{jabref-meta: databaseType:bibtex;}
