@Techreport{channelflow,
  Title                    = {{C}hannelflow: a spectral {N}avier-{S}tokes simulator in {C}++},
  Author                   = {J. F. Gibson},
  Institution              = {Georgia Inst. of Technology},
  Year                     = {2008},
  Note                     = {{\tt {Channelflow.org}}},
  Publisher                = {J.F. Gibson}
}


@Techreport{channelflowDat,
  Title                    = {Database of invariant solutions of plane {C}ouette flow},
  Author                   = {J. F. Gibson},
  Institution              = {Georgia Inst. of Technology},
  Year                     = {2008},
  Note                     = {{\tt {Channelflow.org/database}}},
  Publisher                = {J.F. Gibson}
}


@Article{GHCW07,
  Title                    = {Visualizing the geometry of state-space in plane {Couette} flow},
  Author                   = {J. F. Gibson and J. Halcrow and P. Cvitanovi{\'c}},
  Journal                  = {J Fluid Mech.},
  Year                     = {2008},
  Pages                    = {107--130},
  Volume                   = {611}
}

@Article{N90,
  Title                    = {Three-dimensional finite-amplitude solutions in plane {C}ouette flow: bifurcation from infinity},
  Author                   = {M. Nagata},
  Journal                  = {J. Fluid Mech.},
  Year                     = {1990},
  Pages                    = {519--527},
  Volume                   = {217}
}

@Article{HGCV09,
  Title                    = {Heteroclinic connections in plane {C}ouette flow},
  Author                   = {Halcrow, J. and Gibson, J. F. and Cvitanovi{\'c}, P. and Viswanath, D.},
  Journal                  = {J. Fluid Mech.},
  Year                     = {2009},
  Month                    = {2},
  Pages                    = {365--376},
  Volume                   = {621}
}

@Article{W03,
  Title                    = {Homotopy of exact coherent structures in plane shear flows},
  Author                   = {F. Waleffe},
  Journal                  = {Physics of Fluids},
  Year                     = {2003},
  Pages                    = {1517--1543},
  Volume                   = {15}
}

@Phdthesis{HalcrowThesis,
  Title                    = {Geometry of turbulence: An exploration of the state-space of plane {C}ouette flow},
  Author                   = {Halcrow, J.},
  School                   = {School of Physics, Georgia Inst. of Technology},
  Year                     = {2008},
  Address                  = {Atlanta},
  Note                     = {{\tt ChaosBook.org/projects/theses.html}}
}

@Book{Botti89,
  Title                    = {The Kinematics of Mixing: Stretching, Chaos and Transport},
  Author                   = {Ottino, J.M.},
  Publisher                = {Cambridge Univ. Press},
  Year                     = {1989},
  Address                  = {Cambridge}
}

@Article{SiCvi10,
  Title                    = {Continuous symmetry reduction and return maps for high-dimensional flows},
  Author                   = {Siminos, E. and Cvitanovi{\'c}, P.},
  Journal                  = {Physica D},
  Year                     = {2011},
  Pages                    = {187--198},
  Volume                   = {240}
}

@Article{DV04,
  Title                    = {Recurrent motions within plane {C}ouette turbulence},
  Author                   = {Viswanath, D.},
  Journal                  = {J. Fluid Mech.},
  Year                     = {2007},
  Month                    = {6},
  Pages                    = {339--358},
  Volume                   = {580}
}

@Article{W98,
  Title                    = {Three-dimensional coherent states in plane shear flows},
  Author                   = {F. Waleffe},
  Journal                  = {Phys. Rev. Lett.},
  Year                     = {1998},
  Pages                    = {4140--4143},
  Volume                   = {81}
}


@Article{ABBBBB08,
  Title                    = {Universal Intermittent Properties of Particle Trajectories in Highly Turbulent Flows},
  Author                   = {A. Arneodo and R. Benzi and J. Berg and L. Biferale and E. Bodenschatz and A. Busse and E. Calzavarini and B. Castaing and M. Cencini et al.},
  Journal                  = {Phys. Rev. Lett.},
  Year                     = {2008},
  Volume                   = {100}
}

@Unpublished{ABBBBB08_old,
  Title                    = {Universal intermittent properties of particle trajectories in highly turbulent flows},
  Author                   = {A. Arneodo and R. Benzi and J. Berg and L. Biferale and E. Bodenschatz and A. Busse and E. Calzavarini and B. Castaing and M. Cencini and L. Chevillard and R. Fisher and R. Grauer and H. Homann and D. Lamb and A.S. Lanotte and E. Leveque and B. Luethi and J. Mann and N. Mordant and W.-C. Mueller and S. Ott and N.T. Ouellette and J.-F. Pinton and S. B. Pope and S.G. Roux and F. Toschi and H. Xu and P.K. Yeung},
  Note                     = {\arXiv{0802.3776}},
  Year                     = {2008}
}

@Article{MHPRS07,
  Title                    = {Uncovering the {Lagrangian} skeleton of turbulence},
  Author                   = {Mathur, M. and Haller, G. and Peacock, T. and Ruppert-Felsot, J. E. and Swinney, H. L.},
  Journal                  = {Phys. Rev. Lett.},
  Year                     = {2007},
  Pages                    = {144--502},
  Volume                   = {98}
}


@Book{wiggbook,
  Title                    = {Chaotic Transport in Dynamical Systems},
  Author                   = {S. Wiggins},
  Publisher                = {Springer-Verlag},
  Year                     = {1992},
  Address                  = {New York}
}


@Article{HallerLagrangian,
  Title                    = {Lagrangian coherent structures from approximate velocity data},
  Author                   = {Haller, G.},
  Journal                  = {Physics of Fluids},
  Year                     = {2002},
  Volume                   = {14},
  Number                   = {6},
}


@Article{Mordant,
  Title                    = {Experimental and numerical study of the Lagrangian dynamics of high Reyolds turbulence},
  Author                   = {Mordant, N. and L{\'{e}}v{\^{e}}que, E. and Pinton, J.},
  Journal                  = {New Journal of Physics},
  Year                     = {2004},
  Volume                   = {6},
}

@Article{Falkovich,
  Title                    = {Particles and Fields in Fluid Turbulence},
  Author                   = {Falkovich, G. and Gawedzki, K. and Vergassola, M.},
  Journal                  = {Review of Modern Physics},
  Year                     = {2001},
  Volume                   = {73},
  Number                   = {4},
}

@Article{Braun1,
  Title                    = {Geometry of particle paths in turbulent flows},
  Author                   = {Braun, W. and De Lillo, F. and Eckhardt, B.},
  Journal                  = {Journal of Turbulence},
  Year                     = {2006},
  Volume                   = {7},
  Number                   = {62},
}


@Article{Nzerem,
  Title                    = {The Turbulent Lagrangian Dissipative Particle Velocity Statistics},
  Author                   = {Nzerem, F.E. and Chimezie, U.H.},
  Journal                  = {Mediterranean Journal of Basic and Applied Sciences},
  Year                     = {2022},
  Volume                   = {6},
  Number                   = {4},
}


@Article{Mathew,
  Title                    = {A multiscale measure for mixing},
  Author                   = {Mathew, G. and Mezi{\'{c}}, I. and Petzold, L.},
  Journal                  = {Physica D},
  Year                     = {2005},
  Volume                   = {211},
  Pages                   = {23--46},
}


@Article{control_entropy,
  Title                    = {Control of mixing: a maximum entropy approach},
  Author                   = {D’Alessandro, D. and Dahleh, M. and Mezi{\'{c}}, I.},
  Journal                  = {IEEE Trans. Automatic Control},
  Year                     = {1999},
  Volume                   = {44},
  Pages                   = {1852–-1864},
}

@Article{numerical_approx,
  Title                    = {Numerical Methods for Approximating Invariant Manifolds of Delayed Systems},
  Author                   = {Sahai, Tuhin and Vladimirsky, Alexander},
  Journal                  = {SIAM J. Applied Dynamical Systems},
  Year                     = {2009},
  Volume                   = {8},
  Number                   = {3},
  Pages                   = {1116--1135},
}